34200.015105074,4,15818974,4,5794000,1
34200.05990197,4,15818974,300,5794000,1
34200.113246707,5,0,1,5795100,1
34200.113246707,5,0,1,5795000,1
34200.113246707,5,0,1,5794900,1
34200.113246707,5,0,1,5794800,1
34200.113246707,4,15818974,167,5794000,1
34200.154178213,1,16155653,100,5794000,1
34200.173594288,1,16160421,100,5791200,1
34200.202322801,1,7091133,40,5790000,1
34200.202322801,1,4773921,25,5798900,-1
34200.202322801,1,9248169,1,5790000,1
34200.202322801,1,1910227,50,5799500,-1
34200.202322801,1,4496151,1,5789900,1
34200.202322801,1,12686268,5,5799800,-1
34200.202322801,1,1333270,1,5800000,-1
34200.202322801,1,1376018,50,5800000,-1
34200.202322801,1,1536073,6,5800000,-1
34200.202322801,1,2131996,42,5800000,-1
34200.202322801,1,2133235,63,5800000,-1
34200.202322801,1,2391610,40,5800000,-1
34200.202322801,1,3557490,60,5800000,-1
34200.202322801,1,3843275,75,5800000,-1
34200.202322801,1,3843276,7,5800000,-1
34200.202322801,1,3843277,30,5800000,-1
34200.202322801,1,4753104,535,5800000,-1
34200.202322801,1,4773941,5,5800000,-1
34200.202322801,1,4796277,10,5800000,-1
34200.202322801,1,4861925,13,5800000,-1
34200.202322801,1,10242240,500,5800000,-1
34200.202322801,1,13233299,1000,5800000,-1
34200.202322801,1,13488904,100,5800000,-1
34200.202322801,1,3843279,10,5800100,-1
34200.203135277,4,15818974,29,5794000,1
34200.203135277,4,16155653,100,5794000,1
34200.2070117,1,16167456,1,5794000,-1
34200.207763353,4,16167456,1,5794000,-1
34200.207763353,1,16167632,99,5794000,1
34200.236450238,4,16167632,11,5794000,1
34200.236927202,1,16174771,75,5791900,1
34200.249457498,4,16167632,29,5794000,1
34200.35865663,5,0,4,5797300,-1
34200.501687061,1,16228038,100,5797900,-1
34200.502444619,1,16228180,10,5797900,-1
34200.633496578,1,16252843,100,5794000,1
34200.648004834,1,16255142,200,5800000,-1
34200.65035666,1,16255672,200,5800000,-1
34200.696339803,5,0,100,5794600,1
34200.696339803,4,16167632,59,5794000,1
34200.696339803,4,16252843,12,5794000,1
34200.763732578,1,16274753,100,5797900,-1
34201.44557354,4,16252843,88,5794000,1
34201.44557354,4,16174771,75,5791900,1
34201.44557354,5,0,37,5791800,1
34202.184836108,5,0,63,5791800,1
34202.184836108,5,0,29,5791300,1
34202.190134797,3,15284827,400,5787000,1
34202.203099603,3,15072861,500,5785000,1
34202.323971605,1,16458474,101,5786100,1
34202.34088956,3,16458474,101,5786100,1
34202.472695361,1,16477262,100,5797300,-1
34202.472885056,1,16477281,100,5797300,-1
34203.650345438,3,16477262,100,5797300,-1
34203.650507021,3,16477281,100,5797300,-1
34204.320392912,1,16654914,100,5797300,-1
34204.320575651,1,16654928,100,5797300,-1
34204.414461644,5,0,6,5791700,1
34204.414627059,3,16654928,100,5797300,-1
34204.635971,1,16680220,2300,5796600,-1
34204.636163856,1,16680228,400,5796600,-1
34204.647880829,3,16654914,100,5797300,-1
34205.266040346,5,0,30,5791700,1
34205.266040346,5,0,15,5791300,1
34205.266211854,3,16680228,400,5796600,-1
34205.621656362,5,0,28,5791300,1
34206.021458868,5,0,100,5791300,1
34206.02684287,1,16805354,28,5791200,1
34206.027107895,1,16805379,78,5791200,1
34206.027622462,5,0,28,5791300,1
34206.027622462,4,16160421,72,5791200,1
34206.028440622,1,16805526,22,5791200,1
34206.029089693,1,16805605,4,5791200,1
34206.029818156,1,16805645,6,5791200,1
34206.029906382,4,16160421,28,5791200,1
34206.029906382,4,16805354,28,5791200,1
34206.029906382,4,16805379,44,5791200,1
34206.030220796,1,16805664,7,5791200,1
34206.030430451,1,16805675,10,5791200,1
34206.030813614,1,16805696,9,5791200,1
34206.031174657,1,16805716,24,5791200,1
34206.335544635,4,16805379,34,5791200,1
34206.335544635,4,16805526,22,5791200,1
34206.335544635,4,16805605,4,5791200,1
34206.335544635,4,16805645,6,5791200,1
34206.335544635,4,16805664,7,5791200,1
34206.335544635,4,16805675,10,5791200,1
34206.335544635,4,16805696,9,5791200,1
34206.335544635,4,16805716,24,5791200,1
34206.390765275,1,16822527,260,5795200,-1
34206.391593154,3,16822527,260,5795200,-1
34206.3930235,1,16822681,260,5795200,-1
34206.393843671,3,16822681,260,5795200,-1
34206.394630495,1,16822749,260,5795200,-1
34206.395347138,3,16822749,260,5795200,-1
34206.396762991,1,16822847,260,5795200,-1
34206.39748654,3,16822847,260,5795200,-1
34206.399114575,1,16822977,260,5795200,-1
34206.400382181,3,16822977,260,5795200,-1
34206.400417048,1,16823053,11,5787200,1
34206.400703396,1,16823070,11,5787200,1
34206.401058021,1,16823086,11,5787200,1
34206.401290662,1,16823104,260,5795200,-1
34206.402542165,3,16823104,260,5795200,-1
34206.403385601,1,16823214,260,5795200,-1
34206.404791532,3,16823214,260,5795200,-1
34206.405614357,1,16823323,260,5795200,-1
34206.407029767,3,16823323,260,5795200,-1
34206.407833095,1,16823470,260,5795200,-1
34206.408787399,3,16823470,260,5795200,-1
34206.409965877,1,16823634,260,5795200,-1
34206.410680711,3,16823634,260,5795200,-1
34206.411525433,1,16823779,260,5795200,-1
34206.412552465,3,16823779,260,5795200,-1
34206.413597384,1,16823945,260,5795200,-1
34206.414562858,3,16823945,260,5795200,-1
34207.044407603,3,16823053,11,5787200,1
34207.044692395,3,16823070,11,5787200,1
34207.044885362,3,16823086,11,5787200,1
34207.046605843,1,16855359,11,5787900,1
34207.047025396,1,16855384,11,5787900,1
34207.047278334,1,16855393,11,5787900,1
34207.59343082,3,16855359,11,5787900,1
34207.593731353,3,16855384,11,5787900,1
34207.59389584,3,16855393,11,5787900,1
34207.595964935,1,16881922,11,5789300,1
34207.596069574,1,16881925,11,5789300,1
34207.596464017,1,16881934,11,5789300,1
34207.657108304,1,16883952,260,5795200,-1
34207.658433819,3,16883952,260,5795200,-1
34207.659935516,1,16884073,260,5795200,-1
34207.661271153,3,16884073,260,5795200,-1
34207.662749793,1,16884221,260,5795200,-1
34207.664086215,3,16884221,260,5795200,-1
34207.665049651,1,16884363,260,5795200,-1
34207.666381883,3,16884363,260,5795200,-1
34207.667950288,1,16884483,260,5795200,-1
34207.669279653,3,16884483,260,5795200,-1
34207.670204865,1,16884674,260,5795200,-1
34207.671404663,3,16884674,260,5795200,-1
34207.673650976,1,16885333,260,5795200,-1
34207.675070224,3,16885333,260,5795200,-1
34207.67645084,1,16885580,260,5795200,-1
34207.677857238,3,16885580,260,5795200,-1
34207.678675572,1,16885653,260,5795200,-1
34207.680038855,3,16885653,260,5795200,-1
34207.68143834,1,16885764,260,5795200,-1
34207.682373702,3,16885764,260,5795200,-1
34207.683828361,1,16885944,260,5795200,-1
34207.685155565,3,16885944,260,5795200,-1
34207.686630374,1,16886066,260,5795200,-1
34207.687969395,3,16886066,260,5795200,-1
34207.689494057,1,16886214,260,5795200,-1
34207.690330524,3,16886214,260,5795200,-1
34207.691780207,1,16886286,260,5795200,-1
34207.693269535,3,16886286,260,5795200,-1
34207.695127956,1,16886468,260,5795200,-1
34207.696489237,3,16886468,260,5795200,-1
34207.697920734,1,16886587,260,5795200,-1
34207.698908035,3,16886587,260,5795200,-1
34208.145807111,1,16903596,2,5796600,-1
34208.146115376,3,16903596,2,5796600,-1
34208.146115376,1,16903615,2,5795200,-1
34208.859643769,1,16925516,500,5795900,-1
34209.135084546,3,16274753,100,5797900,-1
34209.135238134,1,16936717,100,5794500,-1
34209.153478631,3,16903615,2,5795200,-1
34209.153478631,1,16937480,2,5794500,-1
34209.684108809,3,16228180,10,5797900,-1
34209.745480497,1,16955579,10,5794500,-1
34210.172085995,1,16981526,19,5794500,-1
34210.683654913,3,16228038,100,5797900,-1
34210.740131279,1,17020275,100,5794500,-1
34211.015012413,3,16981526,19,5794500,-1
34211.058977504,4,7091133,19,5790000,1
34211.16456452,3,16881922,11,5789300,1
34211.165092936,3,16881925,11,5789300,1
34211.166135009,3,16881934,11,5789300,1
34212.141189615,3,16680220,2300,5796600,-1
34212.141429731,4,7091133,21,5790000,1
34212.141429731,4,9248169,1,5790000,1
34212.141429731,4,4496151,1,5789900,1
34212.141429731,5,0,3,5789900,1
34212.141429731,5,0,3,5789300,1
34212.150479521,1,17083481,2171,5789000,-1
34212.1715959,3,17083481,2171,5789000,-1
34212.171759523,1,17085000,2171,5785100,-1
34212.171865865,4,17085000,100,5785100,-1
34212.171969276,4,4773351,9,5785000,1
34212.204258788,3,17085000,2071,5785100,-1
34212.204573984,4,858821,10,5782100,1
34212.204573984,4,2175511,5,5780000,1
34212.204573984,4,5858286,5,5780000,1
34212.204573984,4,9476859,28,5780000,1
34212.204573984,4,9618128,50,5780000,1
34212.204573984,4,12797564,2,5780000,1
34212.204791502,5,0,100,5780900,1
34212.204962809,5,0,409,5780200,1
34212.204962809,5,0,100,5780100,1
34212.204962809,4,12797564,84,5780000,1
34212.204962809,1,17086852,1278,5780000,-1
34212.205124171,1,17086865,400,5780000,-1
34212.205187242,3,17086852,1278,5780000,-1
34212.20522105,4,2176461,1,5779900,1
34212.205259616,5,0,99,5779700,-1
34212.205259616,5,0,1,5779700,-1
34212.205324774,5,0,199,5779700,-1
34212.205324774,4,17086865,1,5780000,-1
34212.205330204,3,17086865,399,5780000,-1
34212.206090682,1,17086988,200,5780000,1
34212.206550349,5,0,200,5780300,1
34212.206876537,5,0,100,5780500,1
34212.206876537,5,0,100,5780100,1
34212.207179106,5,0,100,5780100,1
34212.207179106,4,17086988,100,5780000,1
34212.207361737,4,17086988,100,5780000,1
34212.208156427,1,17087159,578,5780000,-1
34212.228275332,3,16937480,2,5794500,-1
34212.241038624,1,17088891,2,5789000,-1
34212.243066406,3,17088891,2,5789000,-1
34212.245781202,3,17087159,578,5780000,-1
34212.24593772,5,0,100,5775400,1
34212.246235883,5,0,100,5775400,1
34212.24640177,5,0,100,5775200,1
34212.246573827,4,3911727,10,5775100,1
34212.246573827,4,16273432,90,5775100,1
34212.24678587,4,16273432,10,5775100,1
34212.246816706,1,17089209,66,5775100,1
34212.246961714,4,17089209,66,5775100,1
34212.246961714,1,17089214,102,5775100,-1
34212.256787409,1,17089639,2,5780000,-1
34212.272642446,1,17090257,100,5798800,-1
34212.2765606,3,17089639,2,5780000,-1
34212.2765606,1,17090451,2,5775100,-1
34212.278004576,3,17089214,102,5775100,-1
34212.278694774,3,17090257,100,5798800,-1
34212.28018577,4,3565712,2,5774500,1
34212.280250969,4,3565712,1,5774500,1
34212.284162466,4,17090451,2,5775100,-1
34212.290206556,1,17091161,15,5771000,1
34212.290325092,1,17091167,4,5771000,1
34212.290467871,1,17091173,8,5771000,1
34212.295288066,1,17091418,2,5775100,-1
34212.29557982,4,17091418,2,5775100,-1
34212.29557982,1,17091434,98,5775100,1
34212.317876704,1,17092219,100,5791100,-1
34212.34250483,1,17093146,2,5791100,-1
34212.437322644,1,17096371,100,5798800,-1
34212.616509013,3,17091161,15,5771000,1
34212.639062977,3,17091167,4,5771000,1
34212.705131581,4,17091434,98,5775100,1
34212.705131581,5,0,2,5774500,1
34212.719680789,1,17104353,100,5774500,1
34212.722806287,3,17091173,8,5771000,1
34212.725440621,1,17104451,8,5774500,1
34213.294061275,1,17120812,600,5774500,1
34213.88519585,3,17096371,100,5798800,-1
34213.885400539,1,17132229,100,5795800,-1
34213.962547453,3,17092219,100,5791100,-1
34214.499755316,3,17104451,8,5774500,1
34215.471813013,3,16936717,100,5794500,-1
34215.471948615,1,17185218,100,5785900,-1
34215.472129336,1,17185233,100,5785900,-1
34215.473267646,3,17132229,100,5795800,-1
34215.473455982,1,17185317,100,5794500,-1
34215.476996933,3,17093146,2,5791100,-1
34215.477763413,1,17185553,2,5788000,-1
34216.113710965,3,17120812,600,5774500,1
34216.113867794,3,17185233,100,5785900,-1
34216.116067882,1,17206828,600,5775500,1
34216.116151371,3,17104353,100,5774500,1
34217.147886513,3,17185218,100,5785900,-1
34217.148068157,1,17247457,100,5784400,-1
34217.148236482,1,17247479,100,5784400,-1
34217.148656078,3,17185317,100,5794500,-1
34217.148960655,1,17247549,100,5795800,-1
34217.167865699,1,17248228,100,5780000,-1
34217.168005894,3,17247549,100,5795800,-1
34217.16802523,3,17247479,100,5784400,-1
34217.168134247,3,17248228,100,5780000,-1
34217.168134247,1,17248243,100,5781400,-1
34217.168198007,1,17248246,100,5794500,-1
34217.169177374,3,17248246,100,5794500,-1
34217.169375486,1,17248302,100,5795800,-1
34217.171685747,3,17248302,100,5795800,-1
34217.171873638,1,17248380,100,5794500,-1
34217.181119739,5,0,100,5775900,1
34217.206704761,5,0,100,5781100,-1
34217.208712156,3,17248380,100,5794500,-1
34217.209297906,5,0,100,5781300,-1
34217.210470267,5,0,100,5781300,-1
34217.214155458,1,17255024,100,5795800,-1
34217.362201857,5,0,70,5776000,1
34217.728212546,5,0,30,5776000,1
34217.728212546,5,0,70,5775800,1
34218.763051478,3,17255024,100,5795800,-1
34218.76326006,1,17307104,100,5794500,-1
34218.873259746,3,17206828,600,5775500,1
34218.873398948,3,17248243,100,5781400,-1
34218.873398948,1,17309383,100,5777300,-1
34218.874750308,5,0,20,5775600,1
34218.875598074,1,17309581,600,5776600,1
34218.875693752,3,17309383,100,5777300,-1
34218.875693752,1,17309594,100,5782000,-1
34218.87584919,1,17309609,200,5782000,-1
34218.875913862,1,17309618,100,5782000,-1
34218.87594306,3,17309594,100,5782000,-1
34218.87594306,1,17309623,100,5779400,-1
34218.875985114,1,17309628,100,5782000,-1
34218.876091339,3,17309609,200,5782000,-1
34218.876176678,3,17309618,100,5782000,-1
34218.876263775,3,17309623,100,5779400,-1
34218.876263775,1,17309668,100,5779900,-1
34218.87642498,3,17309628,100,5782000,-1
34218.876515253,3,17309668,100,5779900,-1
34218.876515253,1,17309710,100,5782000,-1
34218.963131884,3,17020275,100,5794500,-1
34218.99336589,1,17313565,100,5780700,-1
34218.993476937,3,17309710,100,5782000,-1
34218.993476937,1,17313572,100,5779600,-1
34218.993533344,1,17313573,100,5780700,-1
34218.993629905,3,17313573,100,5780700,-1
34218.993694445,3,17313572,100,5779600,-1
34218.993694445,1,17313580,100,5778700,-1
34219.843969867,1,17345366,100,5776600,1
34219.844087745,3,17313580,100,5778700,-1
34219.844087745,1,17345369,100,5779600,-1
34219.986560427,3,16955579,10,5794500,-1
34220.034122811,1,17350896,10,5779600,-1
34220.034238605,3,17345369,100,5779600,-1
34220.034238605,1,17350910,100,5779500,-1
34221.015874097,3,17345366,100,5776600,1
34221.015994018,3,17350910,100,5779500,-1
34221.015994018,1,17381707,100,5779700,-1
34221.016439156,1,17381731,100,5776600,1
34221.12249655,1,17386271,140,5776900,1
34221.122762772,3,17381707,100,5779700,-1
34221.122762772,1,17386364,100,5779800,-1
34221.123725961,3,17386271,140,5776900,1
34221.124084168,3,17386364,100,5779800,-1
34221.124084168,1,17386665,100,5779700,-1
34221.124559524,1,17386739,140,5776900,1
34221.124798576,3,17386665,100,5779700,-1
34221.124798576,1,17386771,100,5779800,-1
34222.150817325,3,17247457,100,5784400,-1
34222.150970581,1,17416529,100,5778900,-1
34222.151094067,3,17386771,100,5779800,-1
34222.151094067,1,17416533,100,5779200,-1
34222.15149298,3,17386739,140,5776900,1
34222.151581231,3,17416533,100,5779200,-1
34222.151581231,1,17416566,100,5779100,-1
34222.389890414,3,17381731,100,5776600,1
34222.390311795,1,17425290,100,5777000,1
34222.390421686,3,17416566,100,5779100,-1
34222.390421686,1,17425292,100,5779200,-1
34222.39780826,4,17416529,100,5778900,-1
34222.397908912,3,17425292,100,5779200,-1
34222.397908912,1,17425667,100,5779800,-1
34222.398033049,3,17415994,100,5795800,-1
34222.399299886,1,17425716,100,5795800,-1
34222.472228243,1,17428590,120,5776800,1
34222.472335665,3,17425667,100,5779800,-1
34222.472335665,1,17428594,100,5779900,-1
34222.473289836,3,17428590,120,5776800,1
34222.473378507,1,17428634,120,5776900,1
34222.47338364,3,17428594,100,5779900,-1
34222.47338364,1,17428635,100,5779800,-1
34222.483748597,3,17428634,120,5776900,1
34222.48499841,1,17429067,120,5776900,1
34222.485080718,3,17428635,100,5779800,-1
34222.485080718,1,17429069,100,5779900,-1
34222.486098312,3,17429067,120,5776900,1
34222.486177571,3,17429069,100,5779900,-1
34222.486177571,1,17429096,100,5779800,-1
34222.487296811,1,17429144,120,5776900,1
34222.487378011,3,17429096,100,5779800,-1
34222.487378011,1,17429151,100,5779900,-1
34222.488314962,3,17429144,120,5776900,1
34222.4883924,3,17429151,100,5779900,-1
34222.4883924,1,17429187,100,5779800,-1
34222.489560317,1,17429214,120,5776900,1
34222.489647272,3,17429187,100,5779800,-1
34222.489647272,1,17429216,100,5779900,-1
34222.49067847,3,17429214,120,5776900,1
34222.490754511,3,17429216,100,5779900,-1
34222.490754511,1,17429236,100,5779800,-1
34222.492016622,1,17429271,120,5776900,1
34222.492095148,3,17429236,100,5779800,-1
34222.492095148,1,17429273,100,5779900,-1
34222.493057208,3,17429271,120,5776900,1
34222.493137397,3,17429273,100,5779900,-1
34222.493137397,1,17429297,100,5779800,-1
34222.494143089,1,17429326,120,5776900,1
34222.494263908,3,17429297,100,5779800,-1
34222.494263908,1,17429330,100,5779900,-1
34222.495157774,3,17429326,120,5776900,1
34222.495234768,3,17429330,100,5779900,-1
34222.495234768,1,17429353,100,5779800,-1
34222.496396653,1,17429374,120,5776900,1
34222.496477355,3,17429353,100,5779800,-1
34222.496477355,1,17429377,100,5779900,-1
34222.497437062,3,17429374,120,5776900,1
34222.49751575,3,17429377,100,5779900,-1
34222.49751575,1,17429412,100,5779800,-1
34222.4986834,1,17429440,120,5776900,1
34222.498764494,3,17429412,100,5779800,-1
34222.498764494,1,17429441,100,5779900,-1
34222.499824916,3,17429440,120,5776900,1
34222.499906953,3,17429441,100,5779900,-1
34222.499906953,1,17429457,100,5779800,-1
34222.501064513,1,17429500,120,5776900,1
34222.501147422,3,17429457,100,5779800,-1
34222.501147422,1,17429502,100,5779900,-1
34222.502056467,3,17429500,120,5776900,1
34222.50213763,3,17429502,100,5779900,-1
34222.50213763,1,17429525,100,5779800,-1
34222.503351406,1,17429617,120,5776900,1
34222.503441295,3,17429525,100,5779800,-1
34222.503441295,1,17429626,100,5779900,-1
34222.504086186,3,17429617,120,5776900,1
34222.504171047,3,17429626,100,5779900,-1
34222.504171047,1,17429665,100,5779800,-1
34222.50535007,1,17429677,120,5776900,1
34222.505435906,3,17429665,100,5779800,-1
34222.505435906,1,17429685,100,5779900,-1
34222.506478616,3,17429677,120,5776900,1
34222.50655413,3,17429685,100,5779900,-1
34222.50655413,1,17429705,100,5779800,-1
34222.507602843,1,17429729,120,5776900,1
34222.507684402,3,17429705,100,5779800,-1
34222.507684402,1,17429731,100,5779900,-1
34222.50861431,3,17429729,120,5776900,1
34222.508692989,3,17429731,100,5779900,-1
34222.508692989,1,17429755,100,5779800,-1
34222.509737016,1,17429774,120,5776900,1
34222.509815648,3,17429755,100,5779800,-1
34222.509815648,1,17429775,100,5779900,-1
34222.510501622,3,17429774,120,5776900,1
34222.510584224,3,17429775,100,5779900,-1
34222.510584224,1,17429791,100,5779800,-1
34222.79339037,1,17436773,200,5779800,-1
34222.793555904,3,17429791,100,5779800,-1
34222.793555904,5,0,100,5778500,1
34222.79410286,3,17425716,100,5795800,-1
34222.794139562,1,17436793,120,5776900,1
34222.79512611,3,17436793,120,5776900,1
34222.796576718,1,17436848,120,5776900,1
34222.797627191,3,17436848,120,5776900,1
34222.798905313,1,17436906,120,5776900,1
34222.799820122,1,17436923,100,5795800,-1
34222.799994124,3,17436906,120,5776900,1
34222.801213998,1,17436975,120,5776900,1
34222.802303021,3,17436975,120,5776900,1
34222.803512765,1,17437100,120,5776900,1
34222.804523254,3,17437100,120,5776900,1
34222.80521508,3,17436923,100,5795800,-1
34222.805635859,1,17437140,120,5776900,1
34222.806738569,3,17437140,120,5776900,1
34222.807508089,1,17437163,120,5776900,1
34222.808487446,1,17437170,100,5795800,-1
34222.808640099,3,17437163,120,5776900,1
34222.809764745,1,17437180,120,5776900,1
34222.810732931,3,17437180,120,5776900,1
34222.811654959,3,17437170,100,5795800,-1
34222.811923766,1,17437197,120,5776900,1
34222.813021383,3,17437197,120,5776900,1
34222.814653497,1,17437234,120,5776900,1
34222.815737033,3,17437234,120,5776900,1
34222.816891794,1,17437267,120,5776900,1
34222.818116857,3,17437267,120,5776900,1
34222.819307742,1,17437319,120,5776900,1
34222.820292491,3,17437319,120,5776900,1
34222.821588408,1,17437374,120,5776900,1
34222.82259362,3,17437374,120,5776900,1
34222.823687397,1,17437416,120,5776900,1
34222.82467343,3,17437416,120,5776900,1
34222.825932034,1,17437465,120,5776900,1
34222.827038013,3,17437465,120,5776900,1
34222.828284568,1,17437541,120,5776900,1
34222.829128603,3,17437541,120,5776900,1
34222.835595515,3,17309581,600,5776600,1
34222.836870745,1,17437777,600,5778000,1
34223.026440577,1,17442744,100,5795800,-1
34223.026613831,3,17442744,100,5795800,-1
34223.647338812,4,17350896,10,5779600,-1
34223.68071871,3,17436773,200,5779800,-1
34223.681087941,4,17313565,100,5780700,-1
34223.681338927,1,17461889,75,5780700,-1
34223.681445643,4,17461889,75,5780700,-1
34223.681757032,1,17461930,100,5794400,-1
34223.681818751,3,17442761,100,5798800,-1
34223.681932607,1,17461941,100,5794400,-1
34223.682008155,1,17461951,100,5799500,-1
34223.682709487,3,17461930,100,5794400,-1
34223.682850509,3,17461941,100,5794400,-1
34223.682950178,3,17461951,100,5799500,-1
34223.683183617,1,17462029,100,5795800,-1
34223.713770608,5,0,100,5778500,1
34223.713770608,5,0,50,5778300,1
34224.448191619,1,17480645,200,5779200,1
34225.021027413,5,0,100,5779500,1
34225.669376887,1,17516942,300,5779300,1
34226.466313089,3,17437777,600,5778000,1
34226.583003127,1,17538298,600,5782800,1
34226.583373372,4,17538298,100,5782800,1
34226.585368555,4,17538298,150,5782800,1
34227.030509323,3,17425290,100,5777000,1
34227.030929578,1,17549203,100,5782800,1
34227.611297106,1,17575633,100,5783100,1
34227.615636987,3,17462029,100,5795800,-1
34227.615908643,1,17577350,100,5799500,-1
34227.625525691,5,0,2,5787900,-1
34227.625536379,3,17577350,100,5799500,-1
34227.62566495,5,0,2,5787900,-1
34227.625791487,5,0,2,5787900,-1
34227.625912851,5,0,2,5787900,-1
34227.626038965,5,0,2,5787900,-1
34227.626161087,5,0,2,5787900,-1
34227.626283595,5,0,2,5787900,-1
34227.626401978,5,0,2,5787900,-1
34227.62653247,4,17185553,2,5788000,-1
34227.626585868,3,17575633,100,5783100,1
34227.626671762,1,17579487,100,5783900,1
34227.627976057,1,17579715,120,5794800,-1
34227.628142799,1,17579731,100,5794800,-1
34227.63219829,3,17579487,100,5783900,1
34227.641269781,1,17581238,100,5783900,1
34227.642466737,3,17581238,100,5783900,1
34227.642484988,3,17579715,120,5794800,-1
34227.642693692,3,17579731,100,5794800,-1
34227.644070595,1,17581549,100,5783800,1
34227.647561103,3,17581549,100,5783800,1
34227.648374599,1,17582033,100,5794800,-1
34227.648589408,1,17582051,100,5783900,1
34227.650171854,3,17582033,100,5794800,-1
34227.650233056,3,17582051,100,5783900,1
34227.650283827,1,17582212,100,5794900,-1
34227.651560764,3,17582212,100,5794900,-1
34227.651632851,1,17582366,120,5794800,-1
34227.651694643,1,17582374,100,5783900,1
34227.65277775,3,17582366,120,5794800,-1
34227.652835224,3,17582374,100,5783900,1
34227.652999438,1,17582542,100,5794900,-1
34227.653161961,1,17582562,100,5794900,-1
34227.654038724,3,17582542,100,5794900,-1
34227.654069909,1,17582644,100,5783800,1
34227.654071237,1,17582645,2,5799300,-1
34227.65419539,3,17582562,100,5794900,-1
34227.655297571,3,17582644,100,5783800,1
34227.655387983,1,17582785,100,5794900,-1
34227.656597624,3,17582785,100,5794900,-1
34227.656746934,1,17582911,120,5794800,-1
34227.656779339,1,17582915,100,5783900,1
34227.657615827,3,17582911,120,5794800,-1
34227.657634471,3,17582915,100,5783900,1
34227.661069108,1,17583338,100,5794800,-1
34227.6611596,1,17583346,100,5783900,1
34227.662235291,3,17583338,100,5794800,-1
34227.662320098,3,17583346,100,5783900,1
34227.662334274,1,17583434,100,5794900,-1
34227.663471075,3,17583434,100,5794900,-1
34227.663641656,1,17583543,100,5783900,1
34227.663680779,1,17583549,120,5794800,-1
34227.664689706,3,17583549,120,5794800,-1
34227.664741803,3,17583543,100,5783900,1
34227.664882511,1,17583661,100,5794900,-1
34227.665031707,1,17583678,100,5794900,-1
34227.666169443,1,17583765,100,5783800,1
34227.666299928,3,17583661,100,5794900,-1
34227.666441454,3,17583678,100,5794900,-1
34227.667521701,3,17583765,100,5783800,1
34227.667675897,1,17583879,100,5794900,-1
34227.668841643,3,17583879,100,5794900,-1
34227.668991383,1,17583992,120,5794800,-1
34227.669007357,1,17583996,100,5783900,1
34227.670220778,3,17583996,100,5783900,1
34227.670313926,3,17583992,120,5794800,-1
34227.670315095,1,17584117,100,5794900,-1
34227.671431489,3,17584117,100,5794900,-1
34227.671561598,1,17584230,120,5794800,-1
34227.6715713,1,17584231,100,5783900,1
34227.672678239,3,17584231,100,5783900,1
34227.672697997,3,17584230,120,5794800,-1
34227.672762534,1,17584309,100,5794900,-1
34227.674463053,3,17584309,100,5794900,-1
34227.674596045,1,17584414,100,5783900,1
34227.674606595,1,17584416,120,5794800,-1
34227.675646226,3,17584414,100,5783900,1
34227.675674644,3,17584416,120,5794800,-1
34227.694037307,1,17585736,105,5794800,-1
34227.694146523,1,17585740,100,5783900,1
34227.694199564,1,17585743,100,5794800,-1
34227.695355492,3,17585736,105,5794800,-1
34227.69550641,3,17585743,100,5794800,-1
34227.695549634,3,17585740,100,5783900,1
34227.696730654,1,17585881,100,5794800,-1
34227.696778766,1,17585885,100,5783900,1
34227.697976452,3,17585885,100,5783900,1
34227.697993382,3,17585881,100,5794800,-1
34227.698110219,1,17585962,100,5794900,-1
34227.6990804,3,17585962,100,5794900,-1
34227.699256147,1,17586043,100,5783800,1
34227.700321759,3,17586043,100,5783800,1
34227.700393583,1,17586129,100,5794900,-1
34227.701572958,3,17586129,100,5794900,-1
34227.701602028,1,17586226,120,5794800,-1
34227.701727135,1,17586237,100,5783900,1
34227.702691425,3,17586226,120,5794800,-1
34227.702779698,3,17586237,100,5783900,1
34227.702805792,1,17586346,100,5794900,-1
34227.703862019,3,17586346,100,5794900,-1
34227.703989472,1,17586463,120,5794800,-1
34227.704051697,1,17586471,100,5783900,1
34227.705024207,3,17586463,120,5794800,-1
34227.705138096,3,17586471,100,5783900,1
34227.705140219,1,17586593,100,5794900,-1
34227.706344825,1,17586702,120,5794800,-1
34227.706353664,3,17586593,100,5794900,-1
34227.706423084,1,17586711,100,5783900,1
34227.706505402,1,17586721,100,5794800,-1
34227.7075037,3,17586711,100,5783900,1
34227.707535357,3,17586702,120,5794800,-1
34227.707683895,3,17586721,100,5794800,-1
34227.708807204,1,17587029,100,5794800,-1
34227.708914297,1,17587046,100,5783900,1
34227.709807509,3,17587046,100,5783900,1
34227.709914677,3,17587029,100,5794800,-1
34227.715165698,1,17587601,100,5794800,-1
34227.71518973,1,17587603,100,5783900,1
34227.716410235,3,17587603,100,5783900,1
34227.716491315,1,17587675,100,5794900,-1
34227.716603585,3,17587601,100,5794800,-1
34227.717685566,3,17587675,100,5794900,-1
34227.717828682,1,17587881,100,5783900,1
34227.718949005,3,17587881,100,5783900,1
34227.718987819,1,17588298,100,5794900,-1
34227.719155393,1,17588370,100,5794900,-1
34227.719902492,3,17588298,100,5794900,-1
34227.720015787,1,17588850,120,5794800,-1
34227.720071892,3,17588370,100,5794900,-1
34227.720145033,1,17588936,100,5783900,1
34227.720202737,1,17588977,100,5794800,-1
34227.7211385,3,17588850,120,5794800,-1
34227.721249206,3,17588936,100,5783900,1
34227.721265992,1,17589524,100,5783800,1
34227.721309697,3,17588977,100,5794800,-1
34227.723045084,3,17589524,100,5783800,1
34227.72318075,1,17590213,120,5794800,-1
34227.723284998,1,17590245,100,5783900,1
34227.724203094,3,17590213,120,5794800,-1
34227.724336873,3,17590245,100,5783900,1
34227.726738872,1,17591196,100,5794900,-1
34227.728814795,3,17591196,100,5794900,-1
34227.728977864,1,17591764,100,5783900,1
34227.729006182,1,17591766,100,5794800,-1
34227.730069472,3,17591764,100,5783900,1
34227.730122866,1,17592169,100,5794900,-1
34227.730184709,3,17591766,100,5794800,-1
34227.731159644,3,17592169,100,5794900,-1
34227.731296706,1,17592550,100,5783900,1
34227.731313206,1,17592559,105,5794800,-1
34227.732223393,3,17592550,100,5783900,1
34227.733284272,3,17592559,105,5794800,-1
34227.78282439,3,17480645,200,5779200,1
34227.961767321,1,17622086,200,5786800,1
34228.330026154,1,17644180,100,5795100,-1
34228.330197395,1,17644185,100,5795100,-1
34228.33109119,3,17644180,100,5795100,-1
34228.331235727,3,17644185,100,5795100,-1
34228.338222246,1,17644440,100,5795100,-1
34228.339288782,3,17644440,100,5795100,-1
34228.339994194,1,17644490,100,5795100,-1
34228.341078514,3,17644490,100,5795100,-1
34228.342391017,1,17644584,100,5795100,-1
34228.342544144,1,17644588,100,5795100,-1
34228.343588817,3,17644584,100,5795100,-1
34228.343734724,3,17644588,100,5795100,-1
34228.344892715,1,17644718,100,5795100,-1
34228.346216818,3,17644718,100,5795100,-1
34228.347410987,1,17644817,100,5795100,-1
34228.34867141,3,17644817,100,5795100,-1
34228.350319583,1,17644881,100,5795100,-1
34228.351389599,3,17644881,100,5795100,-1
34228.352591423,1,17644956,100,5795100,-1
34228.353778872,3,17644956,100,5795100,-1
34228.355529409,1,17645045,100,5795100,-1
34228.355687737,1,17645050,100,5795100,-1
34228.3565977,3,17645045,100,5795100,-1
34228.356739497,3,17645050,100,5795100,-1
34228.357990092,1,17645135,100,5795100,-1
34228.359087387,3,17645135,100,5795100,-1
34228.360998965,1,17645211,100,5795100,-1
34228.362048984,3,17645211,100,5795100,-1
34228.363925035,1,17645360,100,5795100,-1
34228.364961292,3,17645360,100,5795100,-1
34228.36636015,1,17645512,100,5795100,-1
34228.36741584,3,17645512,100,5795100,-1
34228.368816815,1,17645592,100,5795100,-1
34228.368969213,1,17645601,100,5795100,-1
34228.369983216,3,17645592,100,5795100,-1
34228.370124172,3,17645601,100,5795100,-1
34228.371237855,1,17645700,100,5795100,-1
34228.372434523,3,17645700,100,5795100,-1
34228.375426894,1,17645813,100,5795100,-1
34228.376090776,3,17645813,100,5795100,-1
34228.991274332,1,17665575,100,5795100,-1
34228.991440142,1,17665585,100,5795100,-1
34228.992493265,3,17665575,100,5795100,-1
34228.992639699,3,17665585,100,5795100,-1
34228.994326982,1,17665688,100,5795100,-1
34228.995407798,3,17665688,100,5795100,-1
34228.996135569,1,17665732,100,5795100,-1
34228.997215886,3,17665732,100,5795100,-1
34228.997989879,1,17665804,100,5795100,-1
34228.999180038,3,17665804,100,5795100,-1
34229.00025984,1,17665859,100,5795100,-1
34229.001442318,3,17665859,100,5795100,-1
34229.002195495,1,17665912,105,5795100,-1
34229.003271135,3,17665912,105,5795100,-1
34229.004495987,1,17666030,100,5795100,-1
34229.004659178,1,17666044,100,5795100,-1
34229.005578502,3,17666030,100,5795100,-1
34229.005719148,3,17666044,100,5795100,-1
34229.00687463,1,17666138,100,5795100,-1
34229.007906032,3,17666138,100,5795100,-1
34229.008658552,1,17666216,100,5795100,-1
34229.009706492,3,17666216,100,5795100,-1
34229.010464521,1,17666288,100,5795100,-1
34229.011557287,3,17666288,100,5795100,-1
34229.012810723,1,17666461,100,5795100,-1
34229.019291625,3,17666461,100,5795100,-1
34229.021893445,1,17667019,100,5795100,-1
34229.022054084,1,17667023,100,5795100,-1
34229.023145861,3,17667019,100,5795100,-1
34229.023298018,3,17667023,100,5795100,-1
34229.025032221,1,17667219,100,5795100,-1
34229.026235472,3,17667219,100,5795100,-1
34229.027619455,1,17667335,100,5795100,-1
34229.028791421,3,17667335,100,5795100,-1
34229.03064502,1,17667524,100,5795100,-1
34229.031711796,3,17667524,100,5795100,-1
34229.032510972,1,17667656,100,5795100,-1
34229.033299771,3,17667656,100,5795100,-1
34229.301777106,5,0,100,5787400,1
34229.352211213,4,17622086,100,5786800,1
34229.448227718,1,17681824,100,5795000,-1
34229.448397333,1,17681843,100,5795000,-1
34229.449294485,3,17681824,100,5795000,-1
34229.449439945,3,17681843,100,5795000,-1
34229.450580533,1,17681896,105,5795000,-1
34229.451663984,3,17681896,105,5795000,-1
34229.452925409,1,17681992,100,5795000,-1
34229.454019471,3,17681992,100,5795000,-1
34229.455335815,1,17682063,100,5795000,-1
34229.456417092,3,17682063,100,5795000,-1
34229.457955485,1,17682129,100,5795000,-1
34229.45911944,3,17682129,100,5795000,-1
34229.461970399,1,17682305,100,5795000,-1
34229.462141777,1,17682314,100,5795000,-1
34229.46262187,3,17682305,100,5795000,-1
34229.462773292,3,17682314,100,5795000,-1
34229.46379701,1,17682399,100,5795000,-1
34229.464853356,3,17682399,100,5795000,-1
34229.465613689,1,17682487,100,5795000,-1
34229.466718596,3,17682487,100,5795000,-1
34229.469277975,1,17682608,100,5795000,-1
34229.47035692,3,17682608,100,5795000,-1
34229.471130052,1,17682684,100,5795000,-1
34229.472187176,3,17682684,100,5795000,-1
34229.473428637,1,17682742,100,5795000,-1
34229.473585766,1,17682745,100,5795000,-1
34229.474525136,3,17682742,100,5795000,-1
34229.474672094,3,17682745,100,5795000,-1
34229.475745915,1,17682807,100,5795000,-1
34229.4768852,3,17682807,100,5795000,-1
34229.478152996,1,17682844,100,5795000,-1
34229.478803826,3,17682844,100,5795000,-1
34229.481795144,1,17682907,100,5795000,-1
34229.482876105,3,17682907,100,5795000,-1
34229.483612623,1,17683002,100,5795000,-1
34229.485099957,1,17683040,200,5795600,-1
34229.485102498,3,17683002,100,5795000,-1
34229.515645685,4,17622086,100,5786800,1
34229.516336666,1,17683720,100,5783900,1
34229.51726743,3,17683720,100,5783900,1
34229.518357054,1,17683782,100,5783900,1
34229.519461883,3,17683782,100,5783900,1
34229.520647676,1,17683854,100,5783900,1
34229.521744476,3,17683854,100,5783900,1
34229.523003448,1,17683893,100,5783900,1
34229.524187231,3,17683893,100,5783900,1
34229.5254497,1,17683929,100,5783900,1
34229.526535748,3,17683929,100,5783900,1
34229.527348905,1,17683959,100,5783900,1
34229.528568249,3,17683959,100,5783900,1
34229.52984459,1,17684022,100,5783900,1
34229.530935266,3,17684022,100,5783900,1
34229.532124691,1,17684055,100,5783900,1
34229.532783048,3,17684055,100,5783900,1
34229.534045651,1,17684099,100,5783900,1
34229.535282679,3,17684099,100,5783900,1
34229.536440267,1,17684162,100,5783900,1
34229.537843444,3,17684162,100,5783900,1
34229.539023598,1,17684303,100,5783900,1
34229.540224363,3,17684303,100,5783900,1
34229.541455789,1,17684421,100,5783900,1
34229.542548457,3,17684421,100,5783900,1
34229.543804037,1,17684473,100,5783900,1
34229.544939627,3,17684473,100,5783900,1
34229.546220472,1,17684511,100,5783900,1
34229.547295038,3,17684511,100,5783900,1
34229.548044085,1,17684573,100,5783900,1
34229.549162726,3,17684573,100,5783900,1
34229.549913798,1,17684639,100,5783900,1
34229.550568455,3,17684639,100,5783900,1
34229.612054648,3,17576887,100,5766100,1
34229.812848759,5,0,100,5783100,1
34230.002481853,3,17538298,350,5782800,1
34230.223348832,1,17710663,350,5790200,1
34230.223475193,4,17710663,91,5790200,1
34230.223548023,4,17710663,259,5790200,1
34232.540694487,4,17549203,100,5782800,1
34232.540740456,5,0,100,5782800,1
34232.540994955,1,17792682,100,5782800,1
34232.541352581,1,17792706,100,5795700,-1
34232.54891575,1,17793092,100,5779400,1
34232.54899747,3,17793092,100,5779400,1
34232.558800822,4,17792682,100,5782800,1
34232.558800822,5,0,100,5782800,1
34232.559118042,1,17793663,100,5782800,1
34232.559215782,4,17793663,100,5782800,1
34232.559215782,5,0,60,5782800,1
34232.55952806,1,17793687,100,5782800,1
34232.559735463,4,17793687,100,5782800,1
34232.559735463,5,0,100,5782800,1
34232.5599823,1,17793716,100,5782800,1
34232.800556946,1,17799758,100,5782800,1
34233.01388213,4,17793716,100,5782800,1
34233.014156599,1,17805275,100,5782800,1
34233.014172506,3,17799758,100,5782800,1
34233.05248325,1,17807246,100,5782800,1
34233.320121892,3,17683040,200,5795600,-1
34233.320291096,3,17792706,100,5795700,-1
34233.320305976,1,17818508,200,5795700,-1
34233.320354507,1,17818523,200,5795700,-1
34233.320464621,3,17818508,200,5795700,-1
34233.320498344,1,17818563,100,5795800,-1
34233.320504774,3,17818523,200,5795700,-1
34233.323655167,1,17819228,200,5786300,-1
34233.32997973,5,0,100,5783100,1
34233.32997973,4,17805275,100,5782800,1
34233.33021984,1,17819900,100,5782800,1
34233.330225647,4,17807246,60,5782800,1
34233.330264837,4,17807246,40,5782800,1
34233.564581837,4,17819900,100,5782800,1
34233.564581837,5,0,40,5782800,1
34233.564776327,1,17828517,100,5772800,1
34234.849006784,3,17516942,300,5779300,1
34236.217344815,1,17926637,100,5773000,1
34236.24609577,3,17926637,100,5773000,1
34236.24609577,1,17927179,100,5773200,1
34236.298731154,3,17927179,100,5773200,1
34236.327331665,1,17929232,100,5773600,1
34236.349253811,3,17929232,100,5773600,1
34236.349253811,1,17929584,100,5773800,1
34236.411980165,3,17929584,100,5773800,1
34236.411980165,1,17931813,100,5774000,1
34236.445706855,3,17931813,100,5774000,1
34236.445706855,1,17932438,100,5774200,1
34236.468933187,3,17932438,100,5774200,1
34236.468933187,1,17932908,100,5774400,1
34236.507989743,3,17932908,100,5774400,1
34236.520730988,1,17934331,100,5773000,1
34236.578460655,3,17934331,100,5773000,1
34236.607337569,1,17936527,100,5773400,1
34236.636153441,3,17936527,100,5773400,1
34236.636153441,1,17937534,100,5773600,1
34236.667265251,3,17937534,100,5773600,1
34236.667265251,1,17938202,100,5773800,1
34236.685497401,3,17938202,100,5773800,1
34236.685497401,1,17938500,100,5774000,1
34236.720333522,3,17938500,100,5774000,1
34236.720333522,1,17939510,100,5774200,1
34236.743343071,3,17939510,100,5774200,1
34236.743343071,1,17940137,100,5774400,1
34236.777268766,3,17940137,100,5774400,1
34236.816298451,1,17942097,100,5773000,1
34236.843714145,3,17942097,100,5773000,1
34236.843714145,1,17942562,100,5773200,1
34236.871928946,3,17942562,100,5773200,1
34236.871928946,1,17943110,100,5773400,1
34236.894805627,3,17943110,100,5773400,1
34236.929442331,1,17944640,100,5773000,1
34236.953909561,3,17944640,100,5773000,1
34236.953909561,1,17945213,100,5773200,1
34236.98830792,3,17945213,100,5773200,1
34236.98830792,1,17946149,100,5773400,1
34237.010415155,3,17946149,100,5773400,1
34237.046216038,1,17948401,100,5773000,1
34237.087609198,3,17948401,100,5773000,1
34237.087609198,1,17950325,100,5773200,1
34237.118619931,3,17950325,100,5773200,1
34237.118619931,1,17951464,100,5773400,1
34237.150454218,3,17951464,100,5773400,1
34237.150454218,1,17952910,100,5773600,1
34237.179920537,3,17952910,100,5773600,1
34237.179920537,1,17953868,100,5773800,1
34237.204551717,3,17953868,100,5773800,1
34237.239697919,1,17955466,100,5773000,1
34237.295790554,3,17955466,100,5773000,1
34237.35320967,1,17958971,100,5773000,1
34237.377077647,3,17958971,100,5773000,1
34237.444576954,1,17961944,100,5773000,1
34237.475712033,3,17961944,100,5773000,1
34237.494158171,1,17963100,100,5773000,1
34237.544448444,3,17963100,100,5773000,1
34237.580042976,1,17965576,100,5773400,1
34237.633686386,3,17965576,100,5773400,1
34237.639985706,5,0,40,5778200,-1
34237.758605615,3,17828517,100,5772800,1
34237.758763103,1,17972272,400,5772800,1
34237.918268841,3,17819228,200,5786300,-1
34237.918436135,1,17983396,100,5795800,-1
34237.918486224,1,17983401,100,5795800,-1
34237.918558615,1,17983404,200,5795800,-1
34237.928797996,5,0,60,5779000,1
34237.928944641,3,17983396,100,5795800,-1
34237.928993079,3,17983401,100,5795800,-1
34237.929054007,3,17983404,200,5795800,-1
34240.104069363,5,0,100,5777200,-1
34243.035414864,1,18114208,200,5781500,-1
34243.035590727,1,18114215,200,5781500,-1
34243.136097462,3,18114208,200,5781500,-1
34243.136243612,3,18114215,200,5781500,-1
34243.151415922,5,0,25,5772900,1
34243.16231741,1,18117865,30,5772900,1
34245.255457099,1,18172773,13,5780400,-1
34245.599030409,3,16292752,20,5772400,1
34245.699886722,5,0,15,5773000,1
34245.699886722,4,18117865,30,5772900,1
34245.699886722,4,17972272,15,5772800,1
34245.70971711,1,18185916,3,5773600,1
34251.132113003,5,0,62,5777800,-1
34251.132817272,3,18172773,13,5780400,-1
34251.133658918,1,18312096,13,5778000,-1
34251.150184642,5,0,13,5777000,-1
34251.154558112,5,0,13,5777000,-1
34251.156562692,5,0,12,5777000,-1
34251.156562692,5,0,1,5777700,-1
34251.158185259,5,0,13,5777700,-1
34251.21643073,5,0,13,5777700,-1
34251.216674662,5,0,13,5777700,-1
34251.222189493,5,0,13,5777700,-1
34251.237905132,5,0,13,5777700,-1
34251.757232864,5,0,13,5777500,-1
34251.761441498,5,0,13,5776600,-1
34254.054588635,1,18390135,100,5774300,1
34254.054673238,3,18185916,3,5773600,1
34257.587050397,5,0,70,5774600,1
34257.713401181,3,18390135,100,5774300,1
34257.713544609,3,17818563,100,5795800,-1
34259.507617627,5,0,13,5777900,-1
34259.5076196,5,0,13,5777900,-1
34259.507775779,5,0,13,5777900,-1
34259.507891039,5,0,13,5777900,-1
34259.508008648,5,0,1,5777900,-1
34259.509229885,5,0,13,5777900,-1
34259.509366122,5,0,13,5777900,-1
34259.509508025,5,0,13,5777900,-1
34259.509629471,4,18312096,13,5778000,-1
34259.538853183,1,18513017,100,5788500,-1
34259.539007621,1,18513021,100,5788500,-1
34259.549148335,1,18513244,100,5781000,-1
34259.549306874,3,18513021,100,5788500,-1
34259.54952459,5,0,183,5780600,-1
34259.583550775,3,18513017,100,5788500,-1
34260.522287936,1,18557942,100,5772700,1
34260.550512388,3,18557942,100,5772700,1
34261.379343675,1,18595522,8,5775100,-1
34261.37945997,4,18595522,8,5775100,-1
34263.256699352,5,0,13,5774500,1
34263.35598571,5,0,50,5780400,-1
34263.35598571,5,0,75,5780500,-1
34263.611635898,1,18675942,6,5775100,-1
34263.611742748,4,18675942,6,5775100,-1
34268.710478237,3,18513244,100,5781000,-1
34268.731169894,1,18793000,100,5788600,-1
34268.73134783,1,18793009,100,5788600,-1
34268.748543651,3,18793009,100,5788600,-1
34268.944087088,1,18797790,100,5774300,1
34268.965037521,3,18793000,100,5788600,-1
34269.868445896,1,18819320,2,5779600,-1
34273.783067883,3,17972272,385,5772800,1
34273.783262355,1,18930424,300,5774500,1
34274.215683904,3,18930424,300,5774500,1
34274.21583879,1,18940158,300,5774600,1
34274.367080149,3,18940158,300,5774600,1
34274.367257299,1,18942869,300,5774700,1
34274.719225034,3,18942869,300,5774700,1
34274.719363432,1,18950278,300,5774800,1
34274.878956295,3,18950278,300,5774800,1
34274.879094946,1,18954066,300,5774900,1
34275.281019829,3,18954066,300,5774900,1
34275.281170091,1,18962978,300,5775000,1
34276.533606842,3,18797790,100,5774300,1
34277.562414747,1,19016987,100,5764700,1
34278.032284851,3,18962978,300,5775000,1
34278.032524806,1,19034433,400,5775000,1
34278.838629732,1,19054062,100,5767500,1
34280.400752578,1,19090125,100,5775100,1
34280.815268055,1,19099454,100,5775100,1
34280.87322631,1,19100472,100,5775000,1
34281.292087631,1,19111831,100,5775400,1
34281.292831346,3,19100472,100,5775000,1
34281.375355425,4,18819320,2,5779600,-1
34281.375357868,5,0,2,5779600,-1
34281.467153301,1,19127369,100,5775500,1
34281.625924962,3,19090125,100,5775100,1
34281.669075023,1,19133236,100,5775500,1
34281.850410703,1,19138244,100,5785100,-1
34281.850590773,1,19138247,100,5785100,-1
34281.907951529,3,19138244,100,5785100,-1
34281.908097977,3,19138247,100,5785100,-1
34283.013064321,1,19161126,100,5785100,-1
34283.01323278,1,19161128,100,5785100,-1
34283.232319561,1,19165168,100,5775600,1
34283.232477704,3,19161128,100,5785100,-1
34283.23350722,1,19165201,100,5775800,1
34283.234267127,3,19127369,100,5775500,1
34283.263305766,3,19161126,100,5785100,-1
34283.52636703,3,19165201,100,5775800,1
34283.527867267,3,19165168,100,5775600,1
34283.537705409,1,19169629,100,5785100,-1
34283.537864709,1,19169636,100,5785100,-1
34283.723091038,5,0,1,5776600,1
34283.723253345,3,19169636,100,5785100,-1
34284.268502344,3,19169629,100,5785100,-1
34284.293055091,1,19183093,100,5785100,-1
34284.293222977,1,19183102,100,5785100,-1
34284.53900007,3,19183102,100,5785100,-1
34285.817668761,3,19099454,100,5775100,1
34293.305556619,1,19394920,200,5775600,1
34293.339267584,3,19183093,100,5785100,-1
34293.399839699,1,19396717,100,5775600,1
34297.562148095,1,19500112,100,5773000,1
34298.383548936,5,0,22,5780500,1
34298.383845517,3,19396717,100,5775600,1
34302.238694119,1,19599049,100,5785000,-1
34302.238871243,1,19599053,100,5785000,-1
34302.50574014,1,19603429,100,5775600,1
34302.505893339,3,19599053,100,5785000,-1
34304.417910483,3,19394920,200,5775600,1
34306.229804083,1,19695098,100,5775700,1
34306.976699056,3,19603429,100,5775600,1
34306.976729335,3,19695098,100,5775700,1
34306.997836925,1,19710258,100,5775500,1
34306.998572394,3,19710258,100,5775500,1
34307.275814742,3,19599049,100,5785000,-1
34308.02160299,3,19133236,100,5775500,1
34308.052913807,5,0,2,5779600,-1
34308.751818481,1,19759938,100,5775700,1
34309.396295704,5,0,1,5778600,1
34312.005149305,1,19859754,2,5781700,-1
34313.817734315,1,19892004,300,5778200,1
34314.011658762,4,19859754,2,5781700,-1
34314.011873064,1,19896213,100,5795800,-1
34314.012055658,1,19896281,100,5795800,-1
34314.290648862,5,0,1,5778800,1
34314.290814586,3,19896281,100,5795800,-1
34314.434401746,5,0,1,5781200,-1
34318.271721333,5,0,89,5782300,-1
34318.67053777,1,19985117,100,5784500,-1
34318.670714916,1,19985120,100,5784500,-1
34318.741686074,1,19986240,100,5783700,-1
34318.741843597,3,19985120,100,5784500,-1
34318.744763674,3,19985117,100,5784500,-1
34320.254185099,3,19892004,300,5778200,1
34320.840798038,1,20039921,100,5778100,1
34321.653254642,3,20039921,100,5778100,1
34322.552615166,1,20084755,100,5780000,1
34322.852403041,1,20090747,300,5778300,1
34324.364099228,3,19034433,400,5775000,1
34324.36431213,1,20121837,400,5780000,1
34324.365502337,5,0,100,5783200,-1
34324.367092511,5,0,100,5783400,-1
34324.482830426,5,0,100,5783400,-1
34325.375599224,3,19986240,100,5783700,-1
34325.375768708,1,20145890,100,5795800,-1
34325.38321017,5,0,100,5780700,1
34325.385711896,5,0,3,5780500,1
34325.385711896,5,0,70,5780200,1
34325.385711896,4,20084755,100,5780000,1
34325.385711896,4,20121837,400,5780000,1
34325.385898194,1,20146166,100,5770000,1
34331.156735221,5,0,3,5780000,-1
34331.713164493,1,20302014,100,5778300,1
34333.248237302,1,20327617,300,5778500,1
34333.248432577,3,20090747,300,5778300,1
34333.249104045,1,20327636,100,5778400,1
34333.249914276,3,20302014,100,5778300,1
34333.258262632,3,20327636,100,5778400,1
34333.295933256,1,20328387,5,5783700,-1
34334.143631094,5,0,200,5780000,-1
34335.003415519,3,20328387,5,5783700,-1
34335.271811534,1,20367321,100,5785000,-1
34335.271982125,3,20145890,100,5795800,-1
34335.430739579,1,20378438,200,5783100,-1
34335.430909269,1,20378442,100,5783100,-1
34335.458297734,1,20378957,100,5783000,-1
34335.458427875,3,20367321,100,5785000,-1
34335.458464936,3,20378442,100,5783100,-1
34335.467443035,1,20379139,100,5778500,1
34335.767026197,1,20386922,100,5778400,1
34336.409588015,3,20379139,100,5778500,1
34338.586386305,1,20438125,51,5780300,1
34338.58649912,4,20438125,51,5780300,1
34339.15643892,1,20454221,100,5778500,1
34340.062712195,5,0,95,5779100,1
34340.062712195,4,20327617,234,5778500,1
34340.062831299,4,20327617,63,5778500,1
34340.062837618,4,20327617,3,5778500,1
34340.062837618,4,20454221,96,5778500,1
34340.062974008,4,20454221,4,5778500,1
34340.062974008,4,20386922,93,5778400,1
34340.064028956,4,20386922,7,5778400,1
34340.688759398,3,20378438,200,5783100,-1
34343.176049221,3,19111831,100,5775400,1
34343.186054186,1,20540534,100,5778800,1
34343.186182491,4,20540534,87,5778800,1
34343.186424662,4,20540534,13,5778800,1
34343.583987268,1,20549125,100,5782400,-1
34343.584163965,1,20549128,100,5782400,-1
34343.74952782,3,20549128,100,5782400,-1
34344.702805391,5,0,100,5775800,1
34346.151441151,5,0,1,5776000,1
34346.362233068,5,0,100,5776000,1
34346.36316011,5,0,100,5775800,1
34346.964553113,1,20638147,100,5782000,-1
34346.964728412,1,20638150,100,5782000,-1
34347.35146607,3,20638147,100,5782000,-1
34347.35161412,3,20638150,100,5782000,-1
34347.433599081,1,20649709,100,5781800,-1
34347.433765173,1,20649712,100,5781800,-1
34347.749034335,3,20549125,100,5782400,-1
34347.875431978,3,20649709,100,5781800,-1
34347.875584651,3,20649712,100,5781800,-1
34348.374401571,3,19896213,100,5795800,-1
34348.430923671,4,19759938,100,5775700,1
34348.586493797,1,20681244,500,5774200,1
34348.809185317,5,0,13,5775700,1
34348.809185317,4,20681244,387,5774200,1
34349.133463286,1,20709162,200,5781600,-1
34351.200665665,1,20780956,30,5782100,-1
34351.613955626,5,0,40,5777750,1
34353.23598189,3,20709162,200,5781600,-1
34353.245457042,4,20681244,60,5774200,1
34353.246194602,4,20681244,53,5774200,1
34353.246912202,4,19500112,58,5773000,1
34353.247120658,4,19500112,42,5773000,1
34353.548100114,1,20828557,200,5777800,-1
34355.331395675,1,20863121,1,5785700,-1
34357.923757991,1,20905554,100,5790000,-1
34359.274874454,3,20828557,200,5777800,-1
34359.278711514,1,20925288,100,5770200,1
34359.335727905,3,20925288,100,5770200,1
34361.200463898,1,20964596,100,5777400,-1
34362.541482015,1,20998142,100,5768300,1
34362.541546056,1,20998150,100,5783400,-1
34363.656260867,3,20964596,100,5777400,-1
34363.659022708,1,21028177,100,5770200,1
34363.662409376,3,21028177,100,5770200,1
34363.691349625,1,21028917,100,5776800,-1
34364.226963077,1,21041912,100,5771000,1
34364.31336787,3,21041912,100,5771000,1
34364.314122465,3,20998142,100,5768300,1
34364.314122465,1,21048955,100,5768200,1
34364.31590427,1,21049241,100,5771700,1
34364.815491557,3,21049241,100,5771700,1
34364.8185974,1,21064174,100,5771800,1
34364.820972467,3,21064174,100,5771800,1
34364.824429113,1,21064311,100,5771800,1
34364.830554322,3,21064311,100,5771800,1
34364.837191954,1,21064511,100,5771800,1
34364.844004719,3,21064511,100,5771800,1
34364.850717157,1,21064844,100,5771800,1
34364.857829021,3,21064844,100,5771800,1
34364.864929835,1,21065136,100,5771800,1
34364.871495943,3,21065136,100,5771800,1
34364.878776847,1,21065280,100,5771800,1
34364.885532522,3,21065280,100,5771800,1
34364.892428376,1,21065475,100,5771800,1
34364.899615411,3,21065475,100,5771800,1
34364.906497781,1,21065698,100,5771800,1
34364.913149248,3,21065698,100,5771800,1
34364.920474698,1,21065879,100,5771800,1
34364.927202555,3,21065879,100,5771800,1
34364.933957602,1,21066142,100,5771800,1
34364.9404832,3,21066142,100,5771800,1
34364.947143077,1,21066321,100,5771800,1
34364.95362866,3,21066321,100,5771800,1
34364.960518839,1,21066552,100,5771800,1
34364.967678796,3,21066552,100,5771800,1
34364.974448671,1,21066911,100,5771800,1
34364.981293361,3,21066911,100,5771800,1
34364.988585301,1,21067144,100,5771800,1
34364.995669643,3,21067144,100,5771800,1
34365.002319332,1,21067364,100,5771800,1
34365.008849317,3,21067364,100,5771800,1
34365.016321943,1,21067953,100,5771800,1
34365.023156677,3,21067953,100,5771800,1
34365.030875018,1,21068428,100,5771800,1
34365.037317051,3,21068428,100,5771800,1
34365.043986761,1,21068909,100,5771800,1
34365.051110509,3,21068909,100,5771800,1
34365.057242516,1,21069263,100,5771800,1
34365.063862593,3,21069263,100,5771800,1
34365.070838919,1,21069608,100,5771800,1
34365.078114156,3,21069608,100,5771800,1
34365.084925208,1,21070099,100,5771800,1
34365.091954511,3,21070099,100,5771800,1
34365.094419379,1,21070688,100,5772400,1
34365.816322301,4,21070688,100,5772400,1
34365.816833963,3,21048955,100,5768200,1
34365.816833963,1,21084257,100,5766600,1
34366.201571544,3,21028917,100,5776800,-1
34366.207619844,3,20998150,100,5783400,-1
34366.207619844,1,21089833,100,5783000,-1
34366.213194044,1,21089993,100,5781100,-1
34366.241276759,1,21091020,100,5777800,-1
34366.27457153,3,21089993,100,5781100,-1
34367.141138046,3,21084257,100,5766600,1
34367.141138046,1,21108285,100,5766500,1
34367.142437884,3,21108285,100,5766500,1
34367.142437884,1,21108407,100,5766300,1
34368.683769159,5,0,100,5770100,1
34368.683769159,5,0,7,5770100,1
34368.73295339,3,21091020,100,5777800,-1
34368.733663803,3,21089833,100,5783000,-1
34368.733663803,1,21137839,100,5781200,-1
34369.766914651,3,21137839,100,5781200,-1
34369.766914651,1,21158639,100,5781400,-1
34370.546033235,1,21171669,100,5770900,1
34370.559023732,3,21158639,100,5781400,-1
34370.559023732,1,21171828,100,5781600,-1
34370.559957379,3,21171828,100,5781600,-1
34370.559957379,1,21171839,100,5781900,-1
34370.560476404,3,21171839,100,5781900,-1
34370.560476404,1,21171847,100,5781200,-1
34370.566072531,3,21171847,100,5781200,-1
34370.566072531,1,21171950,100,5781400,-1
34370.566925289,3,21171950,100,5781400,-1
34370.566925289,1,21171960,100,5781700,-1
34370.567739661,3,21171960,100,5781700,-1
34370.567739661,1,21171971,100,5781200,-1
34370.569350265,3,21171971,100,5781200,-1
34370.569350265,1,21171994,100,5781400,-1
34370.56976817,3,21171994,100,5781400,-1
34370.56976817,1,21172005,100,5781700,-1
34370.570526383,3,21172005,100,5781700,-1
34370.570526383,1,21172020,100,5782100,-1
34370.595159411,3,21172020,100,5782100,-1
34370.595159411,1,21172451,100,5783300,-1
34370.596071744,3,21172451,100,5783300,-1
34370.596071744,1,21172463,100,5785400,-1
34370.597288012,3,21172463,100,5785400,-1
34370.597288012,1,21172467,100,5781200,-1
34372.805343323,3,21172467,100,5781200,-1
34372.805343323,1,21208040,100,5781600,-1
34373.088059677,3,21171669,100,5770900,1
34374.015465907,3,21208040,100,5781600,-1
34374.015465907,1,21227287,100,5781800,-1
34375.036749992,3,21227287,100,5781800,-1
34375.036749992,1,21242695,100,5781900,-1
34375.802448013,1,21256015,50,5780000,-1
34376.554343306,1,21268145,100,5776700,-1
34377.459106646,3,20378957,100,5783000,-1
34378.38061509,3,21242695,100,5781900,-1
34378.38061509,1,21294276,100,5782200,-1
34378.703059618,3,21268145,100,5776700,-1
34378.742053074,1,21299341,100,5776100,-1
34379.600368604,1,21310770,20,5775800,-1
34379.600560069,1,21310773,30,5775800,-1
34380.653047233,3,21294276,100,5782200,-1
34380.653047233,1,21332546,100,5782300,-1
34380.664605714,3,21332546,100,5782300,-1
34380.664605714,1,21337650,100,5782600,-1
34380.694403255,3,21299341,100,5776100,-1
34381.076242016,3,21337650,100,5782600,-1
34381.076242016,1,21357015,100,5783100,-1
34382.807318897,1,21388849,100,5775600,-1
34383.348803189,3,21310770,20,5775800,-1
34383.349044114,3,21310773,30,5775800,-1
34383.35431402,1,21396866,20,5775000,-1
34383.354442829,1,21396868,30,5775000,-1
34384.344858109,3,21388849,100,5775600,-1
34384.359533612,4,21396866,20,5775000,-1
34384.359533612,4,21396868,30,5775000,-1
34384.360533782,3,21357015,100,5783100,-1
34384.360533782,1,21412396,100,5782200,-1
34384.386050864,1,21412854,100,5775100,-1
34384.386155156,4,21412854,100,5775100,-1
34384.536453378,1,21415365,100,5771800,1
34384.55573736,3,21415365,100,5771800,1
34385.482014395,1,21433754,100,5771800,1
34385.915775068,1,21440500,100,5779000,-1
34385.93610277,3,21433754,100,5771800,1
34385.936265714,1,21440777,300,5770000,1
34385.936314278,1,21440780,100,5770000,1
34387.49748834,3,21440500,100,5779000,-1
34387.497649286,3,21440777,300,5770000,1
34387.497695582,3,21440780,100,5770000,1
34388.004600127,1,21487299,100,5773100,1
34394.123792032,1,21606071,1,5776300,-1
34395.61041576,3,20780956,30,5782100,-1
34395.940829405,3,21412396,100,5782200,-1
34395.940829405,1,21650379,100,5782300,-1
34395.995633938,3,21650379,100,5782300,-1
34395.995633938,1,21653736,100,5782400,-1
34397.167820826,1,21683064,5,5773100,1
34397.909532458,3,21487299,100,5773100,1
34397.918009025,3,21653736,100,5782400,-1
34397.918009025,1,21701428,100,5783100,-1
34397.974055414,3,21701428,100,5783100,-1
34397.974055414,1,21703018,100,5783300,-1
34397.978725179,1,21703133,1,5775400,-1
34397.983262026,4,21703133,1,5775400,-1
34398.194398784,1,21707816,10,5790000,-1
34398.944068235,3,21703018,100,5783300,-1
34398.944068235,1,21721767,100,5782200,-1
34400.298075042,3,21721767,100,5782200,-1
34400.298075042,1,21754985,100,5782500,-1
34400.301413434,3,21754985,100,5782500,-1
34400.301413434,1,21755686,100,5791000,-1
34400.302376448,5,0,1,5776000,-1
34400.302556521,5,0,1,5776000,-1
34400.302674642,4,21606071,1,5776300,-1
34400.302824943,3,21755686,100,5791000,-1
34400.302824943,1,21755934,100,5791100,-1
34400.303630518,3,21755934,100,5791100,-1
34400.303630518,1,21756013,100,5791400,-1
34402.474463353,1,21802864,100,5779600,-1
34404.487518642,1,21830439,100,5779500,-1
34415.994269538,3,21108407,100,5766300,1
34415.994269538,1,22000239,100,5766200,1
34416.033323414,3,22000239,100,5766200,1
34416.033323414,1,22004649,100,5764900,1
34416.033387793,1,22004653,100,5779500,-1
34416.037087135,3,22004653,100,5779500,-1
34416.037087135,1,22004866,100,5779800,-1
34417.171005023,3,22004866,100,5779800,-1
34417.171005023,1,22022158,100,5779500,-1
34419.17998631,3,21830439,100,5779500,-1
34419.18051696,3,22022158,100,5779500,-1
34419.18051696,1,22048510,100,5779700,-1
34419.632733496,4,21683064,5,5773100,1
34419.789260878,3,22048510,100,5779700,-1
34419.789260878,1,22065494,100,5780100,-1
34419.797260737,3,22065494,100,5780100,-1
34419.797260737,1,22065973,100,5780300,-1
34420.063635141,3,22065973,100,5780300,-1
34420.063635141,1,22073677,100,5779600,-1
34420.096659217,3,22073677,100,5779600,-1
34420.096659217,1,22074258,100,5780400,-1
34420.097867508,3,22074258,100,5780400,-1
34420.097867508,1,22074281,100,5779600,-1
34420.140833058,3,22074281,100,5779600,-1
34420.140833058,1,22075030,100,5779700,-1
34420.141180993,3,22075030,100,5779700,-1
34420.141180993,1,22075036,100,5779800,-1
34420.14663597,3,22075036,100,5779800,-1
34420.14663597,1,22075136,100,5780000,-1
34420.178594489,3,22075136,100,5780000,-1
34420.178594489,1,22079064,100,5780100,-1
34420.208664136,3,22079064,100,5780100,-1
34420.208664136,1,22081362,100,5780500,-1
34420.213012971,3,22081362,100,5780500,-1
34420.213012971,1,22081587,100,5781300,-1
34420.275732553,3,22081587,100,5781300,-1
34420.275732553,1,22083448,100,5782900,-1
34420.286114809,3,22083448,100,5782900,-1
34420.286114809,1,22083725,100,5786100,-1
34420.286933229,3,22083725,100,5786100,-1
34420.286933229,1,22083758,100,5792600,-1
34420.489551569,3,22083758,100,5792600,-1
34423.401844034,3,22004649,100,5764900,1
34423.401844034,1,22128331,100,5764800,1
34423.642073626,1,22131999,200,5771900,-1
34423.642566986,3,22128331,100,5764800,1
34423.642566986,1,22132007,100,5764700,1
34423.645392566,3,22132007,100,5764700,1
34423.645392566,1,22132061,100,5764300,1
34424.746297188,3,22131999,200,5771900,-1
34424.746763708,1,22150735,100,5779600,-1
34424.778054003,4,1378648,2,5770000,1
34424.778054003,4,2122857,2,5770000,1
34424.778054003,4,2125118,3,5770000,1
34424.778054003,4,20146166,93,5770000,1
34424.778202822,3,20146166,7,5770000,1
34424.778365877,1,22151081,100,5760000,1
34426.43664004,5,0,100,5771400,-1
34435.826296061,1,22295191,100,5774200,-1
34437.26332776,1,22310856,100,5790000,-1
34439.950177499,1,22341679,500,5770000,1
34439.994464353,3,22295191,100,5774200,-1
34440.461281642,3,21802864,100,5779600,-1
34444.315994556,3,22150735,100,5779600,-1
34444.315994556,1,22430679,100,5779800,-1
34444.316826801,3,22430679,100,5779800,-1
34444.316826801,1,22430702,100,5780100,-1
34444.321338677,3,22430702,100,5780100,-1
34444.321338677,1,22430784,100,5780300,-1
34444.326094469,3,22430784,100,5780300,-1
34444.326094469,1,22430876,100,5780500,-1
34444.952715946,3,22341679,500,5770000,1
34446.528322904,3,22430876,100,5780500,-1
34446.528322904,1,22464974,100,5780700,-1
34446.528661508,1,22464988,100,5780000,-1
34446.528748626,1,22464994,100,5780100,-1
34446.528810699,3,22464974,100,5780700,-1
34446.528810699,1,22464998,100,5781000,-1
34446.529071859,3,22464998,100,5781000,-1
34446.529071859,1,22465007,100,5780000,-1
34447.127137079,3,22464988,100,5780000,-1
34447.127172826,3,22464994,100,5780100,-1
34447.485431182,1,22480333,100,5774600,-1
34447.486636363,4,22480333,100,5774600,-1
34453.533315087,1,22565097,50,5770000,1
34453.662973938,3,22465007,100,5780000,-1
34453.662973938,1,22567942,100,5778200,-1
34453.707804625,3,22567942,100,5778200,-1
34453.707804625,1,22569175,100,5778400,-1
34453.70885166,3,22569175,100,5778400,-1
34453.70885166,1,22569236,100,5778800,-1
34453.71013296,3,22569236,100,5778800,-1
34453.71013296,1,22569266,100,5778200,-1
34455.61144326,3,22132061,100,5764300,1
34455.61144326,1,22593739,100,5764200,1
34455.654117169,1,22594812,100,5770000,1
34455.654287506,1,22594814,100,5770000,1
34455.657308255,1,22594857,100,5770000,1
34457.151031208,3,22569266,100,5778200,-1
34457.151031208,1,22622058,100,5778400,-1
34457.151552376,3,22622058,100,5778400,-1
34457.151552376,1,22622080,100,5778800,-1
34457.151922955,3,22622080,100,5778800,-1
34457.151922955,1,22622097,100,5779000,-1
34457.15303346,3,22622097,100,5779000,-1
34457.15303346,1,22622163,100,5778200,-1
34457.27316216,3,22622163,100,5778200,-1
34457.27316216,1,22626633,100,5778400,-1
34457.27356498,3,22626633,100,5778400,-1
34457.27356498,1,22626654,100,5778800,-1
34457.273933778,3,22626654,100,5778800,-1
34457.273933778,1,22626663,100,5779300,-1
34457.274333445,3,22626663,100,5779300,-1
34457.274333445,1,22626672,100,5780200,-1
34457.27466706,3,22626672,100,5780200,-1
34457.27466706,1,22626680,100,5778200,-1
34457.28415419,3,22626680,100,5778200,-1
34457.28415419,1,22627386,100,5778400,-1
34457.284560624,3,22627386,100,5778400,-1
34457.284560624,1,22627402,100,5778800,-1
34457.285076184,3,22627402,100,5778800,-1
34457.285076184,1,22627427,100,5779300,-1
34457.28548877,3,22627427,100,5779300,-1
34457.28548877,1,22627438,100,5780200,-1
34457.286073635,3,22627438,100,5780200,-1
34457.286073635,1,22627455,100,5778200,-1
34458.915522119,5,0,7,5772300,-1
34461.133105184,3,22627455,100,5778200,-1
34461.133105184,1,22681052,100,5778400,-1
34461.133459697,3,22681052,100,5778400,-1
34461.133459697,1,22681055,100,5778800,-1
34461.134693327,3,22681055,100,5778800,-1
34461.134693327,1,22681071,100,5778200,-1
34464.291897059,3,22681071,100,5778200,-1
34464.291897059,1,22719994,100,5778400,-1
34464.292943326,3,22719994,100,5778400,-1
34464.292943326,1,22720031,100,5778800,-1
34464.546859157,3,22720031,100,5778800,-1
34464.546859157,1,22723191,100,5779100,-1
34464.6761406,3,22723191,100,5779100,-1
34464.6761406,1,22724650,100,5779900,-1
34465.640286458,3,22724650,100,5779900,-1
34465.640286458,1,22739422,100,5781500,-1
34465.646125343,3,22739422,100,5781500,-1
34465.646125343,1,22739490,100,5785600,-1
34465.647221168,3,22739490,100,5785600,-1
34465.647221168,1,22739505,100,5793800,-1
34465.64774411,3,22739505,100,5793800,-1
34465.64774411,1,22739517,100,5778200,-1
34466.785193918,3,22739517,100,5778200,-1
34466.785193918,1,22753202,100,5778500,-1
34466.862287563,1,22757243,65,5768400,1
34467.517640797,3,22594812,100,5770000,1
34467.517809665,3,22594857,100,5770000,1
34467.517953137,3,22594814,100,5770000,1
34467.519965221,1,22765372,100,5771000,1
34467.520121626,1,22765373,100,5771000,1
34468.479083059,1,22776536,100,5774500,-1
34469.92709425,5,0,100,5774400,-1
34470.005899515,5,0,89,5774000,-1
34470.005899515,1,22793144,11,5774000,1
34470.006013813,4,22793144,11,5774000,1
34470.313341769,4,22776536,100,5774500,-1
34470.313836666,3,22753202,100,5778500,-1
34470.313836666,1,22798184,100,5778600,-1
34470.315704513,3,22765373,100,5771000,1
34470.315968686,3,22765372,100,5771000,1
34470.316124388,1,22798255,100,5767500,1
34470.316821392,3,22798184,100,5778600,-1
34470.316821392,1,22798274,100,5779100,-1
34470.317806479,1,22798281,100,5774500,1
34470.317946816,3,22798255,100,5767500,1
34470.318042402,1,22798287,100,5774500,1
34470.318217344,3,22798274,100,5779100,-1
34470.318217344,1,22798292,100,5780300,-1
34470.318684741,3,22798292,100,5780300,-1
34470.318684741,1,22798299,100,5780600,-1
34470.332866886,3,22798299,100,5780600,-1
34470.332866886,1,22798506,100,5782100,-1
34470.373356008,3,22798506,100,5782100,-1
34470.373356008,1,22798822,100,5781400,-1
34470.373512193,1,22798823,100,5781400,-1
34470.712418593,3,22798281,100,5774500,1
34470.712557634,3,22798823,100,5781400,-1
34470.712792226,3,22798287,100,5774500,1
34470.715042745,1,22802447,100,5774500,1
34470.715397397,1,22802457,100,5774500,1
34470.92398922,3,22802447,100,5774500,1
34470.924831133,3,22802457,100,5774500,1
34470.926480101,1,22804318,100,5774500,1
34470.927189926,1,22804332,100,5774500,1
34471.60012344,1,22812027,100,5778000,-1
34474.743797369,5,0,1,5774800,1
34476.792859807,5,0,99,5774800,1
34476.792859807,5,0,100,5774600,1
34476.792859807,5,0,1,5774600,1
34477.343400666,4,22804318,50,5774500,1
34477.583807385,3,19054062,100,5767500,1
34477.58929923,1,22893331,100,5770500,1
34481.747376682,5,0,100,5777800,-1
34481.74953348,3,22804318,50,5774500,1
34481.749921634,1,22934833,100,5778000,-1
34481.750026911,1,22934834,100,5778100,-1
34481.750069426,3,22804332,100,5774500,1
34481.752923404,1,22934882,100,5774500,1
34481.977647397,5,0,1,5774800,1
34481.98466662,5,0,100,5774800,1
34482.145131803,3,22934882,100,5774500,1
34482.147796891,1,22952132,100,5774500,1
34483.985649209,3,22934833,100,5778000,-1
34483.985748393,3,22934834,100,5778100,-1
34484.449037724,3,22798822,100,5781400,-1
34484.449037724,1,22980819,100,5781500,-1
34484.654109024,3,22980819,100,5781500,-1
34484.654109024,1,22984795,100,5781600,-1
34485.02029094,3,22984795,100,5781600,-1
34485.02029094,1,22994623,100,5781900,-1
34485.038235526,5,0,1,5774900,1
34485.199394444,5,0,24,5774900,1
34485.199801229,5,0,100,5774600,1
34485.79748072,3,22994623,100,5781900,-1
34485.79748072,1,23012009,100,5782900,-1
34486.655981792,5,0,20,5774800,1
34491.342448605,3,23012009,100,5782900,-1
34491.342448605,1,23112073,100,5783300,-1
34491.803363028,1,23117366,40,5778000,-1
34492.629305578,5,0,100,5774800,1
34492.757942839,3,22952132,100,5774500,1
34492.760070953,1,23127449,100,5774500,1
34492.958464715,3,23127449,100,5774500,1
34492.961854437,1,23130064,100,5774500,1
34495.177896219,3,23112073,100,5783300,-1
34495.177896219,1,23158746,100,5786300,-1
34495.668315019,3,23158746,100,5786300,-1
34495.668315019,1,23165724,100,5786500,-1
34495.675547545,3,23165724,100,5786500,-1
34495.675547545,1,23166153,100,5786700,-1
34499.008617033,1,23207675,100,5772100,1
34500.097903354,1,23232956,100,5785600,-1
34500.101240563,1,23233624,100,5775000,1
34500.11653506,5,0,1,5775100,1
34500.156987865,3,23130064,100,5774500,1
34500.15958421,1,23238603,100,5775300,1
34500.1693061,3,23233624,100,5775000,1
34500.171394741,1,23239209,100,5775600,1
34500.178282013,3,23238603,100,5775300,1
34500.18031266,1,23239592,100,5775900,1
34500.298623509,3,22812027,100,5778000,-1
34500.298796877,1,23243204,100,5785600,-1
34500.298872196,1,23243207,100,5785600,-1
34500.298955569,1,23243208,100,5785600,-1
34500.535646653,5,0,40,5777600,-1
34500.535805613,5,0,40,5777600,-1
34500.535843931,3,23243204,100,5785600,-1
34500.535924364,3,23243207,100,5785600,-1
34500.535934337,5,0,16,5777600,-1
34500.535997368,3,23243208,100,5785600,-1
34500.537753113,4,23117366,40,5778000,-1
34500.539430077,3,23239209,100,5775600,1
34500.555046789,1,23258035,100,5776600,1
34500.55515026,5,0,3,5778700,-1
34500.55515026,4,21256015,50,5780000,-1
34500.55515026,5,0,47,5780000,-1
34500.556953393,3,23239592,100,5775900,1
34500.559272168,1,23258476,100,5776600,1
34500.564329811,1,23258863,100,5781400,-1
34500.564448262,3,23258863,100,5781400,-1
34500.564448262,1,23258871,100,5782600,-1
34500.5650724,3,23166153,100,5786700,-1
34500.5650724,1,23258919,100,5782200,-1
34500.565302824,3,23258035,100,5776600,1
34500.565311324,3,23258871,100,5782600,-1
34500.565311324,1,23258945,100,5780300,-1
34500.701605152,1,23265086,800,5776600,1
34500.783741434,4,23258945,100,5780300,-1
34500.784256579,3,23258919,100,5782200,-1
34500.784256579,1,23266861,100,5783700,-1
34500.785465985,3,23258476,100,5776600,1
34500.787472745,1,23266918,100,5780200,1
34500.78794434,3,23266861,100,5783700,-1
34500.78794434,1,23266927,100,5784200,-1
34500.788600701,1,23266956,100,5780200,1
34500.791694111,3,23266927,100,5784200,-1
34500.791694111,1,23267018,100,5784900,-1
34500.791869186,1,23267021,200,5784900,-1
34500.791928414,1,23267023,100,5784900,-1
34500.792263863,3,23267018,100,5784900,-1
34500.792263863,1,23267028,100,5789600,-1
34500.797066549,5,0,112,5780300,1
34501.762218289,5,0,91,5780400,1
34501.762218289,5,0,9,5780300,1
34501.764190909,5,0,78,5780300,1
34501.764190909,4,23266918,22,5780200,1
34501.767106458,3,23266956,100,5780200,1
34501.767190522,4,23266918,78,5780200,1
34502.100361257,3,22893331,100,5770500,1
34502.105998436,1,23295588,100,5771500,1
34502.853961216,1,23306618,200,5781400,-1
34502.854138697,3,23267021,200,5784900,-1
34503.116504597,1,23311421,100,5788800,-1
34503.749286221,3,23267023,100,5784900,-1
34505.703505483,3,23265086,800,5776600,1
34506.116529524,1,23375878,100,5788900,-1
34506.293156055,1,23379108,100,5776500,1
34506.975429416,3,23306618,200,5781400,-1
34506.975598219,1,23400514,200,5785600,-1
34506.975648426,1,23400516,100,5785600,-1
34506.975700438,1,23400518,100,5785600,-1
34506.987535333,5,0,80,5777500,1
34506.987686298,3,23400514,200,5785600,-1
34506.987728508,3,23400516,100,5785600,-1
34506.98776164,3,23400518,100,5785600,-1
34506.994552912,3,23379108,100,5776500,1
34507.00186021,1,23401035,100,5776600,1
34507.008714052,3,23401035,100,5776600,1
34507.046535988,1,23402446,100,5781900,-1
34507.05706604,1,23402633,100,5775200,1
34507.061195302,3,23402633,100,5775200,1
34507.06358961,1,23402864,100,5776000,1
34509.321248613,5,0,2,5777500,1
34510.001989774,1,23466266,142,5776000,1
34511.28443865,1,23491045,100,5778100,-1
34511.284775099,1,23491062,100,5778100,-1
34511.284864769,1,23491071,100,5778200,-1
34511.288071662,5,0,7,5777500,1
34511.288182115,5,0,11,5777500,1
34511.304057374,3,23402446,100,5781900,-1
34511.378668085,3,23491062,100,5778100,-1
34511.378744558,3,23491071,100,5778200,-1
34511.399128227,5,0,78,5777800,-1
34511.42186063,5,0,100,5777800,-1
34511.620045658,5,0,200,5777800,-1
34511.622298092,3,23402864,100,5776000,1
34511.622442479,3,23466266,142,5776000,1
34511.653719125,1,23497077,142,5776000,1
34511.661826258,1,23497212,100,5776000,1
34511.992236359,5,0,1,5776100,1
34511.994618796,5,0,99,5776100,1
34511.994618796,5,0,100,5776100,1
34511.994618796,4,23497077,142,5776000,1
34511.994618796,4,23497212,100,5776000,1
34512.023756368,1,23508241,100,5772700,1
34512.109438035,3,23508241,100,5772700,1
34512.283082097,5,0,100,5772200,1
34512.28552684,5,0,100,5772300,1
34512.28552684,4,23207675,100,5772100,1
34513.304938695,3,22565097,50,5770000,1
34514.697938036,3,23232956,100,5785600,-1
34514.697938036,1,23586678,100,5787000,-1
34518.999479043,1,23669065,100,5777300,-1
34518.999663522,1,23669069,100,5777300,-1
34520.716551071,3,23311420,100,5768300,1
34520.716551071,1,23694961,100,5763500,1
34520.716591959,3,23311421,100,5788800,-1
34520.716591959,1,23694963,100,5787300,-1
34522.501660647,1,23721676,100,5772200,1
34522.501817984,3,23669069,100,5777300,-1
34525.028650585,3,23669065,100,5777300,-1
34525.028830308,1,23762265,100,5778100,-1
34525.028890826,1,23762266,100,5778100,-1
34525.028954582,1,23762272,100,5778100,-1
34525.029020955,1,23762277,100,5778100,-1
34525.192275339,1,23765780,100,5766100,1
34525.192468549,3,23765780,100,5766100,1
34525.192669006,1,23765785,100,5764400,1
34525.363227112,1,23768899,100,5778100,-1
34525.363378134,3,23762265,100,5778100,-1
34525.363424888,3,23762266,100,5778100,-1
34525.363461463,3,23762272,100,5778100,-1
34525.363527072,3,23762277,100,5778100,-1
34525.452351777,3,23768899,100,5778100,-1
34525.452351777,1,23774746,100,5778500,-1
34526.466803321,3,23774746,100,5778500,-1
34526.466803321,1,23793494,100,5778100,-1
34526.471343109,3,23793494,100,5778100,-1
34526.471343109,1,23793769,100,5778200,-1
34527.121971818,3,23721676,100,5772200,1
34527.134364591,1,23804744,100,5772200,1
34527.141345869,3,23765785,100,5764400,1
34527.141582719,1,23804881,100,5766100,1
34528.16760588,3,23804881,100,5766100,1
34528.167844439,1,23819176,100,5764400,1
34528.462326541,3,23793769,100,5778200,-1
34528.462326541,1,23824653,100,5778300,-1
34528.619116076,3,23824653,100,5778300,-1
34528.619116076,1,23826921,100,5779100,-1
34529.060151158,3,23819176,100,5764400,1
34529.060387551,1,23832553,100,5766100,1
34529.061046512,3,23832553,100,5766100,1
34529.061256285,1,23832568,100,5764400,1
34529.69801897,3,23586678,100,5787000,-1
34529.69801897,1,23840447,100,5788700,-1
34529.698154915,3,23832568,100,5764400,1
34529.698357323,1,23840453,100,5766100,1
34529.73151858,3,23826921,100,5779100,-1
34529.73151858,1,23841045,100,5779500,-1
34530.020084672,3,23841045,100,5779500,-1
34530.020084672,1,23845098,100,5780900,-1
34532.13004672,3,23804744,100,5772200,1
34532.130214278,1,23876371,100,5774100,1
34532.131206932,3,23840453,100,5766100,1
34532.131453023,1,23876394,100,5764000,1
34532.361164168,3,23876394,100,5764000,1
34532.361356891,1,23879836,100,5766100,1
34533.564519891,1,23896858,100,5777400,-1
34536.004636958,3,23896858,100,5777400,-1
34536.020532709,5,0,6,5774700,1
34536.020532709,4,23876371,94,5774100,1
34536.022756002,4,23876371,6,5774100,1
34536.024879519,3,23879836,100,5766100,1
34536.025118738,1,23924394,100,5764000,1
34536.036634761,1,23924525,100,5770600,1
34537.569927332,3,23845098,100,5780900,-1
34537.569927332,1,23942060,100,5778100,-1
34538.561461517,1,23953900,100,5776700,-1
34538.561645909,1,23953902,100,5776700,-1
34538.749352634,3,23953902,100,5776700,-1
34540.208049602,5,0,83,5773600,-1
34541.307750453,3,23942060,100,5778100,-1
34541.307750453,1,23997254,100,5778300,-1
34541.417165197,3,23997254,100,5778300,-1
34541.417165197,1,23999622,100,5778400,-1
34542.246764119,3,23924394,100,5764000,1
34542.460466608,1,24011957,2000,5771500,1
34542.461655235,1,24011968,100,5771600,1
34543.706561239,3,23999622,100,5778400,-1
34543.706561239,1,24027223,100,5778700,-1
34543.706839205,3,24027223,100,5778700,-1
34543.706839205,1,24027241,100,5779000,-1
34543.711012409,3,24027241,100,5779000,-1
34543.711012409,1,24027354,100,5779300,-1
34544.698060518,1,24044439,100,5766000,1
34547.716665508,1,24098057,100,5766000,1
34548.544126623,3,24011968,100,5771600,1
34556.716703311,3,23694961,100,5763500,1
34556.716703311,1,24232951,100,5765400,1
34556.716736241,3,23694963,100,5787300,-1
34556.716736241,1,24232952,100,5785400,-1
34556.717049546,1,24232953,100,5776700,-1
34556.717098811,1,24232955,100,5776800,-1
34557.676316526,3,24232953,100,5776700,-1
34557.676517808,3,24232955,100,5776800,-1
34559.170471944,1,24263123,100,5772000,1
34559.274953421,1,24268287,100,5772200,1
34559.698159682,1,24276533,100,5785500,-1
34560.582329488,3,23491045,100,5778100,-1
34560.595255578,1,24292593,100,5782100,-1
34562.069617044,3,24292593,100,5782100,-1
34562.075826898,1,24316435,600,5780000,-1
34562.076060023,1,24316436,600,5780000,-1
34563.153483595,4,23953900,100,5776700,-1
34563.154016439,3,24027354,100,5779300,-1
34563.154016439,1,24329874,100,5780000,-1
34563.165083844,5,0,100,5777300,-1
34563.95565136,5,0,200,5772800,1
34563.95565136,5,0,100,5772300,1
34563.960981256,5,0,100,5772300,1
34563.960981256,5,0,100,5772300,1
34563.960981256,5,0,200,5772300,1
34563.960981256,4,24268287,100,5772200,1
34563.983262104,1,24340911,100,5774800,-1
34563.989562411,3,24340911,100,5774800,-1
34563.989691181,5,0,100,5772600,1
34563.989914726,1,24341020,100,5772200,-1
34563.99001247,4,24341020,100,5772200,-1
34563.99001247,5,0,17,5772200,-1
34563.990016914,5,0,100,5772200,-1
34563.990024009,5,0,100,5772200,-1
34563.990034916,5,0,200,5772200,-1
34563.990036189,5,0,100,5772200,-1
34563.990042095,5,0,100,5772200,-1
34563.990044346,5,0,100,5772200,-1
34563.990132292,5,0,100,5772200,-1
34563.990150722,5,0,200,5772200,-1
34563.990270284,1,24341059,100,5772200,-1
34563.990360158,4,24341059,100,5772200,-1
34563.990368416,5,0,300,5772200,-1
34563.99037024,5,0,103,5772200,-1
34563.99038432,5,0,100,5772200,-1
34563.990389929,5,0,100,5772200,-1
34563.99051159,5,0,100,5772200,-1
34563.990615761,1,24341104,100,5772200,-1
34563.990706564,4,24341104,54,5772200,-1
34563.990708134,4,24341104,46,5772200,-1
34563.990708134,5,0,54,5772200,-1
34563.990718324,5,0,100,5772200,-1
34563.990746493,3,24263123,100,5772000,1
34563.990946609,1,24341129,100,5772200,-1
34563.991026983,4,24341129,100,5772200,-1
34563.991256316,1,24341154,100,5772200,-1
34563.991504421,4,24341154,100,5772200,-1
34563.991723235,1,24341184,100,5772200,-1
34563.991830745,4,24341184,100,5772200,-1
34563.99205442,1,24341203,100,5772200,-1
34563.992482989,4,24341203,100,5772200,-1
34563.992703854,1,24341255,100,5772200,-1
34563.993438666,4,23295588,100,5771500,1
34563.99598048,4,24341255,100,5772200,-1
34563.996217745,1,24341384,100,5772200,-1
34563.996558795,4,24011957,800,5771500,1
34563.997888323,4,24341384,100,5772200,-1
34563.998104535,1,24341455,100,5772200,-1
34564.009188404,5,0,47,5772100,-1
34564.063881034,5,0,100,5772100,-1
34564.076730461,3,24341455,100,5772200,-1
34564.077111546,1,24342718,100,5772200,-1
34564.089204756,3,24342718,100,5772200,-1
34564.089574686,1,24342914,100,5772200,-1
34564.092849921,3,24342914,100,5772200,-1
34564.093189746,1,24342978,100,5772200,-1
34564.990302791,5,0,53,5772100,-1
34564.990302791,5,0,47,5772100,-1
34565.007066888,5,0,53,5772100,-1
34565.007066888,5,0,47,5772100,-1
34565.179306031,5,0,53,5772100,-1
34565.179306031,4,24342978,100,5772200,-1
34565.179306031,5,0,957,5772200,-1
34565.179558356,1,24354540,100,5772200,-1
34565.180178205,4,24354540,53,5772200,-1
34565.180381615,1,24354595,100,5772200,-1
34565.180449843,4,24354540,47,5772200,-1
34565.180755786,4,24354595,100,5772200,-1
34565.180965477,1,24354638,100,5772200,-1
34565.181058962,4,24354638,13,5772200,-1
34565.181296973,1,24354652,100,5772200,-1
34565.181785042,4,24354638,87,5772200,-1
34565.181785042,4,24354652,13,5772200,-1
34565.182013771,1,24354681,100,5772200,-1
34565.226323539,3,24354652,87,5772200,-1
34565.226328312,3,24354681,100,5772200,-1
34565.226674681,1,24355260,100,5772200,-1
34565.232441036,3,24355260,100,5772200,-1
34565.232797339,1,24355348,100,5772200,-1
34565.23582549,3,24355348,100,5772200,-1
34565.236172538,1,24355400,100,5772200,-1
34565.256608528,3,24355400,100,5772200,-1
34565.256954401,1,24355676,100,5772400,-1
34565.260086799,3,24355676,100,5772400,-1
34565.26041755,1,24355764,100,5772200,-1
34565.448652887,4,24355764,100,5772200,-1
34565.44888453,1,24359166,100,5772200,-1
34565.471773162,4,24011957,100,5771500,1
34565.471866128,4,24011957,100,5771500,1
34565.471963769,4,24011957,200,5771500,1
34565.472039427,4,24011957,800,5771500,1
34565.47276616,5,0,2,5771100,1
34565.47276616,5,0,2,5770900,1
34565.47276616,4,23924525,96,5770600,1
34565.479339755,4,23924525,4,5770600,1
34565.664903579,1,24369837,100,5762600,1
34565.665122266,3,24369837,100,5762600,1
34568.716755338,3,24098057,100,5766000,1
34569.554047262,1,24432815,60,5770900,-1
34569.848903499,4,22757243,65,5768400,1
34569.978485456,1,24441197,1000,5766600,1
34571.558925995,3,24432815,60,5770900,-1
34571.559107916,1,24463989,60,5770400,-1
34572.697564562,1,24487973,60,5766600,1
34574.575544811,1,24510681,200,5770400,-1
34574.601831641,3,24463989,60,5770400,-1
34574.602028265,1,24511032,60,5770000,-1
34574.698194231,3,24276531,100,5765700,1
34574.716780768,3,24232951,100,5765400,1
34574.716780768,1,24512905,100,5761400,1
34574.980477563,3,24441197,1000,5766600,1
34575.47540354,1,24524124,100,5765900,1
34576.977738038,5,0,48,5769900,-1
34576.978414126,4,24511032,60,5770000,-1
34576.978881816,5,0,200,5770300,-1
34576.979170404,5,0,50,5770300,-1
34576.979170404,4,24510681,90,5770400,-1
34576.984096047,5,0,110,5770000,-1
34576.984221484,5,0,15,5770000,-1
34576.984221484,5,0,75,5770300,-1
34577.007617742,1,24557890,200,5766000,1
34577.176353062,5,0,100,5770300,-1
34577.176478842,5,0,25,5770300,-1
34577.176478842,5,0,85,5770300,-1
34577.186712481,5,0,100,5770300,-1
34577.186804247,5,0,15,5770300,-1
34577.186804247,4,24510681,40,5770400,-1
34577.187043555,1,24568937,100,5770400,-1
34577.187734185,4,24510681,70,5770400,-1
34577.187734185,4,24568937,30,5770400,-1
34577.59326713,4,24568937,70,5770400,-1
34581.572193297,1,24688082,3,5766000,1
34583.459111187,3,24688082,3,5766000,1
34583.459122944,3,24524124,100,5765900,1
34583.460555127,1,24725438,100,5765900,1
34583.460750474,1,24725453,3,5766000,1
34583.547969932,1,24727007,70,5771000,-1
34585.088071776,1,24761381,50,5766700,1
34585.090087806,3,24329874,100,5780000,-1
34585.090087806,1,24762290,100,5780200,-1
34585.193885704,3,24725453,3,5766000,1
34585.196569656,1,24776728,3,5766600,1
34585.642257342,1,24790131,100,5766800,1
34585.642420023,1,24790135,100,5766800,1
34585.643189491,3,24776728,3,5766600,1
34585.643354321,3,24761381,50,5766700,1
34585.644801784,1,24790231,3,5766800,1
34585.645403828,1,24790247,50,5766900,1
34585.65875005,4,24727007,70,5771000,-1
34587.116587118,3,24790135,100,5766800,1
34588.461861998,3,24725438,100,5765900,1
34588.678418608,4,24359166,100,5772200,-1
34588.678681073,1,24848897,100,5772200,-1
34588.680969395,4,24848897,100,5772200,-1
34588.680969395,5,0,42,5772200,-1
34588.681268214,1,24849651,100,5772200,-1
34588.692896912,3,24790131,100,5766800,1
34588.695183941,1,24851666,100,5768200,1
34588.696370243,3,24790247,50,5766900,1
34588.696528313,3,24790231,3,5766800,1
34588.697050766,4,24849651,100,5772200,-1
34588.697425738,3,24762290,100,5780200,-1
34588.697425738,1,24851920,100,5777700,-1
34588.697502455,1,24851927,100,5772200,-1
34588.69779513,1,24851974,100,5761500,1
34588.698550427,1,24852081,50,5768300,1
34588.698645941,1,24852097,3,5768200,1
34588.71132093,3,24852097,3,5768200,1
34588.713266714,1,24854596,3,5768400,1
34588.714373992,3,24852081,50,5768300,1
34588.715964904,1,24854892,50,5768500,1
34588.72452767,3,24854596,3,5768400,1
34588.726269221,4,24851927,3,5772200,-1
34588.726395232,3,24851666,100,5768200,1
34588.726555777,1,24856415,100,5772200,-1
34588.726936179,1,24856460,100,5762600,1
34588.72789408,3,24856460,100,5762600,1
34588.728637765,1,24856648,100,5768900,1
34588.729720507,3,24854892,50,5768500,1
34588.731216479,1,24856864,50,5769000,1
34588.73541495,1,24857061,100,5762600,1
34588.735609705,3,24857061,100,5762600,1
34589.698298996,3,24276533,100,5785500,-1
34590.436440012,4,24851927,97,5772200,-1
34590.436440012,4,24856415,3,5772200,-1
34590.436712831,1,24893665,100,5772200,-1
34591.454696053,4,24856415,97,5772200,-1
34591.454696053,4,24893665,100,5772200,-1
34591.454696053,5,0,100,5772200,-1
34591.454827803,5,0,100,5772200,-1
34591.454842869,5,0,100,5772200,-1
34591.455016506,1,24908838,100,5772200,-1
34591.455152855,4,24908838,100,5772200,-1
34591.455440107,1,24909002,100,5772200,-1
34591.455819811,3,24851920,100,5777700,-1
34591.455819811,1,24909134,100,5777800,-1
34591.455953836,4,24909002,12,5772200,-1
34591.456187105,1,24909224,100,5772200,-1
34591.456922075,4,24909002,88,5772200,-1
34591.456922075,4,24909224,12,5772200,-1
34591.45721589,1,24909454,100,5772200,-1
34591.45905862,3,24856648,100,5768900,1
34591.462197697,1,24911174,100,5771600,1
34591.463574965,3,24856864,50,5769000,1
34591.465662561,4,24909224,88,5772200,-1
34591.465662561,4,24909454,100,5772200,-1
34591.465958994,1,24912025,100,5772200,-1
34591.467201496,1,24912256,100,5761500,1
34591.939426482,4,24911174,100,5771600,1
34591.941347925,3,24912256,100,5761500,1
34591.942030366,3,24909134,100,5777800,-1
34591.942030366,1,24921635,100,5777900,-1
34591.969310026,3,24921635,100,5777900,-1
34591.969310026,1,24922333,100,5778000,-1
34592.603197727,1,24938542,200,5771700,-1
34592.604554354,1,24938586,100,5771700,-1
34592.604636283,1,24938589,100,5771800,-1
34592.695821325,3,24938586,100,5771700,-1
34592.695897558,3,24938589,100,5771800,-1
34592.716860389,3,24512905,100,5761400,1
34592.716892575,3,24232952,100,5785400,-1
34593.463956622,1,24957365,100,5765900,1
34595.808794641,3,24957365,100,5765900,1
34598.069911624,3,24938542,200,5771700,-1
34598.466056199,1,25038381,100,5765900,1
34599.005800727,1,25045773,100,5772200,-1
34599.89970667,1,25064301,100,5772000,-1
34603.082836706,3,25038381,100,5765900,1
34603.468124549,1,25120395,100,5767200,1
34604.698336257,3,24877306,100,5760800,1
34604.698366972,1,25143479,100,5782800,-1
34605.324944644,1,25151694,100,5771300,-1
34607.519700953,3,25045773,100,5772200,-1
34607.54154583,4,25120395,100,5767200,1
34607.541698045,4,24487973,60,5766600,1
34607.541698045,5,0,4,5766600,1
34607.541901795,5,0,2,5766100,1
34607.541901795,4,13839901,34,5766000,1
34607.542885809,4,13839901,66,5766000,1
34607.542885809,4,24557890,34,5766000,1
34607.542977905,4,24557890,100,5766000,1
34607.542990993,4,24557890,66,5766000,1
34607.542990993,5,0,34,5766000,1
34607.543187255,1,25175900,66,5766000,1
34607.544206156,3,24824428,100,5760700,1
34607.546156712,3,25175900,66,5766000,1
34607.740316949,1,25178159,100,5762200,1
34607.74078649,3,25178159,100,5762200,1
34607.741399688,1,25178188,100,5761700,1
34607.742194177,1,25178192,100,5762100,1
34607.742232906,3,25178188,100,5761700,1
34607.743667465,1,25178214,100,5762600,1
34607.743767864,3,25178192,100,5762100,1
34607.754631141,1,25178282,100,5762700,1
34607.754692537,3,25178214,100,5762600,1
34607.75597322,1,25178291,100,5763200,1
34607.755992327,3,25178282,100,5762700,1
34607.827858606,1,25178959,100,5764100,1
34607.8279845,3,25178291,100,5763200,1
34608.882892951,1,25191989,100,5771200,-1
34610.261520584,3,25178959,100,5764100,1
34610.262100325,1,25206632,100,5763200,1
34610.280763876,1,25207867,100,5764000,1
34610.280805461,3,25206632,100,5763200,1
34610.306297089,3,25207867,100,5764000,1
34610.306911623,1,25212368,100,5763200,1
34610.320825865,1,25213013,100,5764000,1
34610.320868509,3,25212368,100,5763200,1
34610.322691669,3,25213013,100,5764000,1
34610.323294981,1,25213117,100,5763200,1
34610.35380242,1,25214174,100,5764000,1
34610.353834938,3,25213117,100,5763200,1
34610.716929507,3,24421231,100,5760100,1
34611.944907789,5,0,25,5764100,1
34611.946608098,3,25214174,100,5764000,1
34611.94719853,1,25234891,100,5763200,1
34611.955033986,1,25234958,10,5764100,1
34611.976080512,1,25235171,100,5764000,1
34611.976131333,3,25234891,100,5763200,1
34612.00481228,1,25235555,100,5764400,1
34612.004834719,3,25235171,100,5764000,1
34612.005482952,3,25235555,100,5764400,1
34612.006076606,1,25235587,100,5763200,1
34612.009483123,3,25235587,100,5763200,1
34612.013724834,1,25235715,100,5762600,1
34613.659348051,1,25278194,100,5770700,-1
34615.237840505,1,25305548,100,5763500,1
34615.237863385,3,25235715,100,5762600,1
34615.239042822,3,25305548,100,5763500,1
34615.239655867,1,25305603,100,5762600,1
34615.269778424,1,25305935,100,5763500,1
34615.269891774,3,25305603,100,5762600,1
34615.270970755,3,25305935,100,5763500,1
34615.271554304,1,25305953,100,5762600,1
34615.301952414,1,25306270,100,5763500,1
34615.302065301,3,25305953,100,5762600,1
34615.303135765,3,25306270,100,5763500,1
34615.303719648,1,25306288,100,5762600,1
34615.33283937,1,25306594,100,5763500,1
34615.332863617,3,25306288,100,5762600,1
34615.334026219,3,25306594,100,5763500,1
34615.334648237,1,25306611,100,5762600,1
34615.364114163,1,25306918,100,5763500,1
34615.364142175,3,25306611,100,5762600,1
34615.36531709,3,25306918,100,5763500,1
34615.365934892,1,25306927,100,5762600,1
34615.383840535,1,25307082,100,5763500,1
34615.383958053,3,25306927,100,5762600,1
34615.385049491,3,25307082,100,5763500,1
34615.385643526,1,25307117,100,5762600,1
34615.407440681,3,25151694,100,5771300,-1
34615.407592235,1,25307527,100,5770700,-1
34615.415206976,1,25307559,100,5763500,1
34615.415334637,3,25307117,100,5762600,1
34615.4164078,3,25307559,100,5763500,1
34615.417024806,1,25307567,100,5762600,1
34615.446244874,1,25307783,100,5763500,1
34615.446270123,3,25307567,100,5762600,1
34615.447448769,3,25307783,100,5763500,1
34615.448077973,1,25307805,100,5762600,1
34615.477952079,1,25308050,100,5763500,1
34615.47806815,3,25307805,100,5762600,1
34615.479141148,3,25308050,100,5763500,1
34615.479756383,1,25308065,100,5762600,1
34615.513952185,1,25308463,100,5763500,1
34615.514073445,3,25308065,100,5762600,1
34615.515146286,3,25308463,100,5763500,1
34615.515768227,1,25308477,100,5762600,1
34615.524019051,1,25308524,100,5763500,1
34615.524131194,3,25308477,100,5762600,1
34616.453667023,3,25308524,100,5763500,1
34616.454269362,1,25320811,100,5762600,1
34616.482877891,1,25321208,100,5763400,1
34616.482889033,3,25320811,100,5762600,1
34616.483545615,3,25321208,100,5763400,1
34616.484151713,1,25321226,100,5762600,1
34616.514781591,1,25321622,100,5763400,1
34616.5148954,3,25321226,100,5762600,1
34616.515530559,3,25321622,100,5763400,1
34616.516139213,1,25321638,100,5762600,1
34616.54492012,1,25321963,100,5763400,1
34616.545019355,3,25321638,100,5762600,1
34616.545669498,3,25321963,100,5763400,1
34616.546283088,1,25321981,100,5762600,1
34616.577106603,1,25322389,100,5763400,1
34616.577214883,3,25321981,100,5762600,1
34616.577850919,3,25322389,100,5763400,1
34616.578461279,1,25322394,100,5762600,1
34616.60881687,1,25322743,100,5763400,1
34616.608937514,3,25322394,100,5762600,1
34616.609576376,3,25322743,100,5763400,1
34616.610184164,1,25322749,100,5762600,1
34616.640896432,1,25322918,100,5763400,1
34616.641009657,3,25322749,100,5762600,1
34616.641662772,3,25322918,100,5763400,1
34616.642258481,1,25322925,100,5762600,1
34616.673065941,1,25323129,100,5763400,1
34616.673190866,3,25322925,100,5762600,1
34616.67383064,3,25323129,100,5763400,1
34616.674439958,1,25323138,100,5762600,1
34616.705137917,1,25323360,100,5763400,1
34616.705261105,3,25323138,100,5762600,1
34616.706466719,3,25323360,100,5763400,1
34616.70707496,1,25323378,100,5762600,1
34616.735787517,1,25323749,100,5763400,1
34616.735902813,3,25323378,100,5762600,1
34616.737118203,3,25323749,100,5763400,1
34616.737709382,1,25323775,100,5762600,1
34616.773785873,1,25324147,100,5763400,1
34616.773901461,3,25323775,100,5762600,1
34616.775084227,3,25324147,100,5763400,1
34616.77568578,1,25324163,100,5762600,1
34616.804784516,1,25324360,100,5763400,1
34616.804896246,3,25324163,100,5762600,1
34616.806089819,3,25324360,100,5763400,1
34616.806694879,1,25324386,100,5762600,1
34616.836038342,1,25324585,100,5763400,1
34616.83615098,3,25324386,100,5762600,1
34616.837334004,3,25324585,100,5763400,1
34616.83792386,1,25324600,100,5762600,1
34616.867786954,1,25325011,100,5763400,1
34616.867898643,3,25324600,100,5762600,1
34616.869080759,3,25325011,100,5763400,1
34616.869695652,1,25325029,100,5762600,1
34616.902135445,1,25325282,100,5763400,1
34616.90216361,3,25325029,100,5762600,1
34616.903362832,3,25325282,100,5763400,1
34616.903961531,1,25325295,100,5762600,1
34616.936151499,1,25325602,100,5763400,1
34616.936269897,3,25325295,100,5762600,1
34616.93745444,3,25325602,100,5763400,1
34616.938034936,1,25325623,100,5762600,1
34616.968863681,1,25325974,100,5763400,1
34616.968887345,3,25325623,100,5762600,1
34616.970089887,3,25325974,100,5763400,1
34616.970706826,1,25326021,100,5762600,1
34617.001137504,1,25326433,100,5763400,1
34617.001245523,3,25326021,100,5762600,1
34617.002446482,3,25326433,100,5763400,1
34617.003056517,1,25326465,100,5762600,1
34617.033908222,1,25326819,100,5763400,1
34617.034021934,3,25326465,100,5762600,1
34617.035226414,3,25326819,100,5763400,1
34617.035848051,1,25326890,100,5762600,1
34617.064854661,1,25331519,100,5763400,1
34617.064890299,3,25326890,100,5762600,1
34617.066151329,3,25331519,100,5763400,1
34617.066781878,1,25331934,100,5762600,1
34617.096862152,1,25333810,100,5763400,1
34617.096969101,3,25331934,100,5762600,1
34617.098633984,3,25333810,100,5763400,1
34617.099245837,1,25333905,100,5762600,1
34617.127864129,1,25334574,100,5763400,1
34617.127976305,3,25333905,100,5762600,1
34617.129645688,3,25334574,100,5763400,1
34617.130241822,1,25334636,100,5762600,1
34617.159832071,1,25335810,100,5763400,1
34617.159879386,3,25334636,100,5762600,1
34617.161559678,3,25335810,100,5763400,1
34617.162190855,1,25335855,100,5762600,1
34617.194813978,1,25336391,100,5763400,1
34617.194825166,3,25335855,100,5762600,1
34617.196025357,3,25336391,100,5763400,1
34617.196611837,1,25336418,100,5762600,1
34617.227828652,1,25336769,100,5763400,1
34617.22793958,3,25336418,100,5762600,1
34617.229028354,3,25336769,100,5763400,1
34617.229649922,1,25336816,100,5762600,1
34617.257849593,1,25337259,100,5763400,1
34617.257947834,3,25336816,100,5762600,1
34617.259041925,3,25337259,100,5763400,1
34617.259626485,1,25337297,100,5762600,1
34617.290793841,1,25337666,100,5763400,1
34617.290901728,3,25337297,100,5762600,1
34617.292011884,3,25337666,100,5763400,1
34617.292628713,1,25337674,100,5762600,1
34617.325870714,1,25338168,100,5763400,1
34617.325978819,3,25337674,100,5762600,1
34617.327076725,3,25338168,100,5763400,1
34617.327699392,1,25338192,100,5762600,1
34617.358883138,1,25338570,100,5763400,1
34617.358998989,3,25338192,100,5762600,1
34617.360088842,3,25338570,100,5763400,1
34617.360703667,1,25338608,100,5762600,1
34617.39195956,1,25338884,100,5763400,1
34617.392083611,3,25338608,100,5762600,1
34617.393149737,3,25338884,100,5763400,1
34617.393731539,1,25338893,100,5762600,1
34617.422813086,1,25339186,100,5763400,1
34617.422823424,3,25338893,100,5762600,1
34617.424025607,3,25339186,100,5763400,1
34617.424632686,1,25339215,100,5762600,1
34617.454831758,1,25339423,100,5763400,1
34617.454941909,3,25339215,100,5762600,1
34617.456025967,3,25339423,100,5763400,1
34617.45663942,1,25339435,100,5762600,1
34617.489839018,1,25339851,100,5763400,1
34617.489949422,3,25339435,100,5762600,1
34617.491031039,3,25339851,100,5763400,1
34617.491627948,1,25339872,100,5762600,1
34617.509924903,1,25340050,100,5763400,1
34617.509934911,3,25339872,100,5762600,1
34617.54544127,1,25340396,100,5763300,1
34617.579178039,1,25340641,100,5764200,1
34617.579200431,3,25340050,100,5763400,1
34617.579263969,3,25234958,10,5764100,1
34617.579852132,3,25340641,100,5764200,1
34617.580481515,1,25340654,100,5763400,1
34617.608876315,1,25340921,100,5764200,1
34617.608985753,3,25340654,100,5763400,1
34617.612422593,3,25340921,100,5764200,1
34617.613013139,1,25341062,100,5763400,1
34617.642045222,1,25341494,100,5764100,1
34617.642061417,3,25341062,100,5763400,1
34617.7502607,3,25341494,100,5764100,1
34618.578407583,1,25356583,100,5763400,1
34618.719873629,1,25357996,100,5764200,1
34618.71998911,3,25356583,100,5763400,1
34618.724898081,3,25357996,100,5764200,1
34618.725516909,1,25358090,100,5763400,1
34618.755136648,1,25358350,100,5764200,1
34618.755250026,3,25358090,100,5763400,1
34618.755889005,3,25358350,100,5764200,1
34618.756478089,1,25358364,100,5763400,1
34618.785124106,1,25358575,100,5764200,1
34618.785234112,3,25358364,100,5763400,1
34618.788612133,3,25358575,100,5764200,1
34618.789195851,1,25358611,100,5763400,1
34618.820136257,1,25358840,100,5764100,1
34618.820241363,3,25358611,100,5763400,1
34619.54801892,3,25340396,100,5763300,1
34619.549769927,3,25358840,100,5764100,1
34619.550353618,1,25367564,100,5763200,1
34619.581113566,1,25368010,100,5764000,1
34619.581208797,3,25367564,100,5763200,1
34619.665090624,3,25368010,100,5764000,1
34619.665682196,1,25369512,100,5763200,1
34619.695807113,1,25370397,100,5764000,1
34619.695926206,3,25369512,100,5763200,1
34619.696565061,3,25370397,100,5764000,1
34619.697148251,1,25370460,100,5763200,1
34619.698411753,3,25143478,100,5760600,1
34619.698411753,1,25370486,100,5757600,1
34619.716904031,1,25370720,100,5764000,1
34619.717011693,3,25370460,100,5763200,1
34619.717647253,3,25370720,100,5764000,1
34619.718230108,1,25370739,100,5763200,1
34619.746831808,1,25371214,100,5764000,1
34619.746941446,3,25370739,100,5763200,1
34619.747605422,3,25371214,100,5764000,1
34619.748210795,1,25371233,100,5763200,1
34619.777839061,1,25371913,100,5764000,1
34619.777960286,3,25371233,100,5763200,1
34619.778637557,3,25371913,100,5764000,1
34619.77921825,1,25371933,100,5763200,1
34619.808940507,1,25372269,100,5764000,1
34619.809056202,3,25371933,100,5763200,1
34619.80970016,3,25372269,100,5764000,1
34619.810327462,1,25372287,100,5763200,1
34619.840108484,1,25372737,100,5764000,1
34619.840219723,3,25372287,100,5763200,1
34619.840872195,3,25372737,100,5764000,1
34619.841473337,1,25372764,100,5763200,1
34619.870850341,1,25373174,100,5764000,1
34619.870968334,3,25372764,100,5763200,1
34619.871603143,3,25373174,100,5764000,1
34619.872206194,1,25373205,100,5763200,1
34619.900861116,1,25373592,100,5764000,1
34619.900974057,3,25373205,100,5763200,1
34619.90162064,3,25373592,100,5764000,1
34619.902266258,1,25373620,100,5763200,1
34619.931122616,1,25374128,100,5764000,1
34619.931233869,3,25373620,100,5763200,1
34619.931867551,3,25374128,100,5764000,1
34619.932478099,1,25374152,100,5763200,1
34619.96284902,1,25374335,100,5764000,1
34619.962871612,3,25374152,100,5763200,1
34619.963512159,3,25374335,100,5764000,1
34619.964108617,1,25374344,100,5763200,1
34619.992776884,1,25374524,100,5764000,1
34619.992892028,3,25374344,100,5763200,1
34619.993524161,3,25374524,100,5764000,1
34619.994115469,1,25374528,100,5763200,1
34620.008028909,3,3516195,52,5760000,1
34620.024797651,1,25375462,100,5764000,1
34620.024913442,3,25374528,100,5763200,1
34620.025557778,3,25375462,100,5764000,1
34620.026151677,1,25375491,100,5763200,1
34620.056825998,1,25376106,100,5764000,1
34620.056937331,3,25375491,100,5763200,1
34620.057581708,3,25376106,100,5764000,1
34620.058197595,1,25376131,100,5763200,1
34620.086993072,1,25376788,100,5764000,1
34620.087106786,3,25376131,100,5763200,1
34620.087742975,3,25376788,100,5764000,1
34620.088351815,1,25376827,100,5763200,1
34620.118909628,1,25377261,100,5764000,1
34620.118940119,3,25376827,100,5763200,1
34620.119577784,3,25377261,100,5764000,1
34620.120188098,1,25377281,100,5763200,1
34620.149821479,1,25377620,100,5764000,1
34620.149934829,3,25377281,100,5763200,1
34620.150570496,3,25377620,100,5764000,1
34620.151172231,1,25377634,100,5763200,1
34620.182803711,1,25377990,100,5764000,1
34620.182928343,3,25377634,100,5763200,1
34620.183574239,3,25377990,100,5764000,1
34620.184175862,1,25378063,100,5763200,1
34620.21785621,1,25378726,100,5764000,1
34620.217963133,3,25378063,100,5763200,1
34620.218603827,3,25378726,100,5764000,1
34620.219215249,1,25378738,100,5763200,1
34620.248983609,1,25379147,100,5764000,1
34620.24900924,3,25378738,100,5763200,1
34620.249666026,3,25379147,100,5764000,1
34620.250284671,1,25379189,100,5763200,1
34620.279131748,1,25379480,100,5764000,1
34620.279243379,3,25379189,100,5763200,1
34620.279891848,3,25379480,100,5764000,1
34620.280521532,1,25379495,100,5763200,1
34620.31180926,1,25379951,100,5764000,1
34620.31192719,3,25379495,100,5763200,1
34620.312670421,3,25379951,100,5764000,1
34620.31327773,1,25379963,100,5763200,1
34620.342921238,1,25380356,100,5764000,1
34620.343034899,3,25379963,100,5763200,1
34620.343674023,3,25380356,100,5764000,1
34620.344290066,1,25380374,100,5763200,1
34620.373799756,1,25380694,100,5764000,1
34620.373855963,3,25380374,100,5763200,1
34620.374519501,3,25380694,100,5764000,1
34620.37513516,1,25380711,100,5763200,1
34620.404847797,1,25381089,100,5764000,1
34620.404879625,3,25380711,100,5763200,1
34620.405522576,3,25381089,100,5764000,1
34620.40610178,1,25381113,100,5763200,1
34620.434796704,1,25381452,100,5764000,1
34620.434911041,3,25381113,100,5763200,1
34620.435543407,3,25381452,100,5764000,1
34620.436124649,1,25381470,100,5763200,1
34620.466825243,1,25381812,100,5764000,1
34620.466933462,3,25381470,100,5763200,1
34620.467573796,3,25381812,100,5764000,1
34620.468160842,1,25381856,100,5763200,1
34620.500069107,1,25382211,100,5764000,1
34620.500180374,3,25381856,100,5763200,1
34620.500821221,3,25382211,100,5764000,1
34620.501433514,1,25382233,100,5763200,1
34620.530104919,1,25382523,100,5764000,1
34620.530214492,3,25382233,100,5763200,1
34620.530854897,3,25382523,100,5764000,1
34620.531474073,1,25382568,100,5763200,1
34620.563054306,1,25383145,100,5764000,1
34620.563172176,3,25382568,100,5763200,1
34620.563813766,3,25383145,100,5764000,1
34620.564430378,1,25383186,100,5763200,1
34620.594448885,1,25383781,100,5764000,1
34620.594555899,3,25383186,100,5763200,1
34620.595201935,3,25383781,100,5764000,1
34620.595788587,1,25383802,100,5763200,1
34620.623799457,1,25384116,100,5764000,1
34620.623915296,3,25383802,100,5763200,1
34620.62455256,3,25384116,100,5764000,1
34620.625141052,1,25384135,100,5763200,1
34620.65480854,1,25384571,100,5764000,1
34620.654914093,3,25384135,100,5763200,1
34620.655555575,3,25384571,100,5764000,1
34620.656147046,1,25384583,100,5763200,1
34620.65938792,3,25278194,100,5770700,-1
34620.684853904,1,25384880,100,5764000,1
34620.684965112,3,25384583,100,5763200,1
34620.685475709,3,25191989,100,5771200,-1
34620.685606201,3,25384880,100,5764000,1
34620.68621715,1,25384900,100,5763200,1
34620.714917414,1,25385281,100,5764000,1
34620.71503524,3,25384900,100,5763200,1
34620.715672945,3,25385281,100,5764000,1
34620.71625447,1,25385295,100,5763200,1
34620.746067871,1,25385553,100,5764000,1
34620.746195661,3,25385295,100,5763200,1
34620.746852099,3,25385553,100,5764000,1
34620.747465058,1,25385575,100,5763200,1
34620.778851996,1,25385808,100,5764000,1
34620.778966612,3,25385575,100,5763200,1
34620.779614185,3,25385808,100,5764000,1
34620.780243403,1,25385825,100,5763200,1
34620.810830263,1,25386221,100,5764000,1
34620.810871879,3,25385825,100,5763200,1
34620.811533516,3,25386221,100,5764000,1
34620.812133659,1,25386260,100,5763200,1
34620.842123018,1,25386555,100,5764000,1
34620.842133301,3,25386260,100,5763200,1
34620.842776908,3,25386555,100,5764000,1
34620.843399771,1,25386568,100,5763200,1
34620.87282359,1,25386937,100,5764000,1
34620.872828625,3,25386568,100,5763200,1
34620.873492178,3,25386937,100,5764000,1
34620.874108114,1,25386947,100,5763200,1
34620.903141734,1,25387229,100,5764000,1
34620.903250182,3,25386947,100,5763200,1
34620.903887215,3,25387229,100,5764000,1
